CLIENT,NAME,PRODUCT_TYPE,ACTION,ACTION,DATE_TRANSACTION,QTY,UNIT_PRICE,ISIN_CODE,STOCK_LIBELLE,CURRENCY,TOTAL_AMOUNT,ACTION_TYPE,'CHF_'||CURRENCY,RATE_EUR,RATE_USD
200341,,OTHER,Cash_in,I,2001-12-04 04:01:35,1,5000,,,CHF,5000,Income,CHF_CHF,0.677943121,0.604010631
200341,,OTHER,Cash_in,I,2001-12-29 21:14:02,1,1.5,,,CHF,1.5,Income,CHF_CHF,0.674946004,0.597764361
200341,SWISSCOM N,SHARE,Buy,B,2002-02-21 13:35:50,4,492,CH00087425191,SIX Swiss Exchange (SIX-Europe),CHF,1968,Trading,CHF_CHF,0.676018252,0.588304506
200341,DWS Internet-Aktien Typ O,COMMODITIES,Buy,B,2002-02-21 15:26:08,5,13,DE0009848002,Investment Funds,EUR,65,Trading,CHF_EUR,1,0.8707
200341,DWS (CH) - Money Market (USD),FUNDS,Buy,B,2002-02-21 15:26:54,1,83.24,CH0004227036,Investment Funds,USD,83.24,Trading,CHF_USD,1.148567162,1
200341,DWS (CH) - Bond Fonds (SFR),FUNDS,Buy,B,2002-02-21 15:27:17,1,82.2,CH0004164858,Investment Funds,CHF,82.2,Trading,CHF_CHF,0.675949709,0.588546878
200341,,OTHER,Cash_in,I,2002-02-28 04:01:59,1,0.4,,,CHF,0.4,Income,CHF_CHF,0.677460877,0.586046239
200341,,OTHER,Cash_in,I,2002-02-28 04:01:59,1,0.42,,,USD,0.42,Income,CHF_USD,1.156002543,1
200341,,OTHER,Cash_in,I,2002-02-28 04:01:59,1,1.4,,,EUR,1.4,Income,CHF_EUR,1,0.86505
200341,SCMNP P 03/02,DERIVATIVES,Sell,S,2002-02-28 15:45:10,4,8.2,CH00136577694,SIX Swiss Exchange,CHF,32.8,Trading,CHF_CHF,0.678334012,0.586252382
200341,BUEHRLE N20,SHARE,Buy,B,2002-03-06 10:41:03,1,185.5,CH00008168241,SIX Swiss Exchange (SIX-Europe),CHF,185.5,Trading,CHF_CHF,0.677185617,0.589935697
200341,BUEHRLE N20,SHARE,Sell,S,2002-03-06 10:42:18,1,185.25,CH00008168241,SIX Swiss Exchange (SIX-Europe),CHF,185.25,Trading,CHF_CHF,0.677185617,0.589935697
200341,CS EF Korea,FUNDS,Buy,B,2002-03-11 16:37:34,1,466.83,CH0002512611,Investment Funds,USD,466.83,Trading,CHF_USD,1.14187839,1
200341,SWISSQUOTE N,SHARE,Buy,B,2002-03-13 14:21:28,1,26.55,CH00106758634,SIX Swiss Exchange,CHF,26.55,Trading,CHF_CHF,0.680897423,0.594512648
200341,,OTHER,Cash_out,O,2002-04-10 16:28:45,1,1.4,,,EUR,1.4,Payment,CHF_EUR,1,0.87955
200341,,OTHER,Cash_in,I,2002-04-10 16:29:23,1,1.4,,,EUR,1.4,Income,CHF_EUR,1,0.87945
200341,KUDELSKI I,SHARE,Buy,B,2002-04-18 17:19:11,2,82.8,CH00122683601,SIX Swiss Exchange (SIX-Europe),CHF,165.6,Trading,CHF_CHF,0.68115251,0.605290237
200341,,OTHER,Cash_in,I,2002-05-07 08:27:58,1,28.6,,,CHF,28.6,Income,CHF_CHF,0.687072727,0.63097454
200341,CISCO SYSTEMS ORD,SHARE,Buy,B,2002-05-07 18:43:37,5,13.04,US17275R1023,NASDAQ New York,USD,65.2,Trading,CHF_USD,1.092955899,1
200341,CISCO SYSTEMS ORD,SHARE,Sell,S,2002-05-07 18:44:07,5,13.05,US17275R1023,NASDAQ New York,USD,65.25,Trading,CHF_USD,1.092955899,1
200341,SULZER MEDICA N,SHARE,Buy,B,2002-05-23 11:17:10,7,206.75,CH00065448594,SIX Swiss Exchange,CHF,1447.25,Trading,CHF_CHF,0.687781561,0.636841267
200341,CS EF Korea,FUNDS,Sell,S,2002-05-27 16:05:41,1,526.92,CH0002512611,Investment Funds,USD,526.92,Trading,CHF_USD,1.087843351,1
200341,SWISSQUOTE N,SHARE,Buy,B,2002-05-30 09:12:13,1,25.9,CH00106758634,SIX Swiss Exchange,CHF,25.9,Trading,CHF_CHF,0.680943788,0.638345409
200341,LO Funds - EU Convergence Bond P A,FUNDS,Buy,B,2002-05-31 17:45:36,10,9.95,LU0137081187,Investment Funds,EUR,99.5,Trading,CHF_EUR,1,0.93345
200341,LO Funds - EU Convergence Bond P A,FUNDS,Buy,B,2002-05-31 17:47:57,10,9.95,LU0137081187,Investment Funds,EUR,99.5,Trading,CHF_EUR,1,0.93385
200341,CENTERPULSE N,SHARE,Sell,S,2002-06-04 15:32:14,7,245,CH00065448594,SIX Swiss Exchange,CHF,1715,Trading,CHF_CHF,0.680897423,0.641992745
200341,SONOVA N,SHARE,Buy,B,2002-06-24 15:22:21,10,21.9,CH00125497854,SIX Swiss Exchange,CHF,219,Trading,CHF_CHF,0.680665691,0.666822259
200341,SONOVA N,SHARE,Sell,S,2002-06-24 15:23:01,10,21.5,CH00125497854,SIX Swiss Exchange,CHF,215,Trading,CHF_CHF,0.680665691,0.666822259
200341,WORLDCOM INC MCI GROUP,SHARE,Buy,B,2002-07-12 16:38:04,1,0.17,US98157D3044,NASDAQ New York,USD,0.17,Trading,CHF_USD,1.010815728,1
200341,WORLDCOM INC MCI GROUP,SHARE,Sell,S,2002-07-12 16:40:32,1,0.16,US98157D3044,NASDAQ New York,USD,0.16,Trading,CHF_USD,1.010713564,1
200341,,OTHER,Cash_out,O,2002-07-13 04:05:54,1,0.01,,,USD,0.01,Payment,CHF_USD,1.008725475,1
200341,KW LAUFENBURG I,SHARE,Buy,B,2002-07-18 11:38:03,5,333,CH00001767244,SIX Swiss Exchange,CHF,1665,Trading,CHF_CHF,0.683036782,0.686412465
200341,UBSETF FTSE 100 GBP DIS,ETF,Buy,B,2002-07-24 09:04:54,1,36.45,LU01362425904,SIX Swiss Exchange,CHF,36.45,Trading,CHF_CHF,0.688468158,0.681477443
200341,UBSETF FTSE 100 GBP DIS,ETF,Sell,S,2002-07-24 09:05:29,1,36,LU01362425904,SIX Swiss Exchange,CHF,36,Trading,CHF_CHF,0.688468158,0.681338148
200341,NOVARTIS N,SHARE,Buy,B,2002-07-29 10:51:21,2,58.6,CH00120052671,SIX Swiss Exchange (SIX-Europe),CHF,117.2,Trading,CHF_CHF,0.687923503,0.678195999
200341,NOVARTIS N,SHARE,Sell,S,2002-07-29 10:54:22,2,58.5,CH00120052671,SIX Swiss Exchange (SIX-Europe),CHF,117,Trading,CHF_CHF,0.687781561,0.678264998
200341,Pictet P.C.F. Germaval,FUNDS,Buy,B,2002-08-09 13:20:48,1,81.93,LU0048475809,Investment Funds,EUR,81.93,Trading,CHF_EUR,1,0.97175
200341,KW LAUFENBURG I,SHARE,Sell,S,2002-08-09 16:02:16,5,369,CH00001767244,SIX Swiss Exchange,CHF,1845,Trading,CHF_CHF,0.685377472,0.664297339
200341,DWS (CH) - Balance Global,FUNDS,Buy,B,2002-08-13 10:10:22,2,109.48,CH0003531990,Investment Funds,CHF,218.96,Trading,CHF_CHF,0.68271036,0.666777796
200341,,OTHER,Cash_in,I,2002-08-14 04:02:14,1,32,,,CHF,32,Income,CHF_CHF,0.683900971,0.674104284
200341,LO OPPORTUNITY - GLOBAL CONSERVATIVE,FUNDS,Buy,B,2002-09-02 10:42:23,1,195.55,CH0009346054,Investment Funds,CHF,195.55,Trading,CHF_CHF,0.679948324,0.667601308
200341,SWISSQUOTE N,SHARE,Sell,S,2002-09-04 12:16:51,2,15.25,CH00106758634,SIX Swiss Exchange,CHF,30.5,Trading,CHF_CHF,0.683363515,0.67867929
200341,KUDELSKI I,SHARE,Sell,S,2002-09-04 12:17:10,2,23.8,CH00122683601,SIX Swiss Exchange (SIX-Europe),CHF,47.6,Trading,CHF_CHF,0.683386865,0.678702321
200341,SWISSCOM N,SHARE,Sell,S,2002-09-04 12:18:38,4,395.5,CH00087425191,SIX Swiss Exchange (SIX-Europe),CHF,1582,Trading,CHF_CHF,0.68331682,0.678610206
200341,DWS (CH) - Money Market (USD),FUNDS,Sell,S,2002-09-06 10:31:58,1,80.88,CH0004227036,Investment Funds,USD,80.88,Trading,CHF_USD,1.00791211,1
200341,DWS (CH) - Bond Fonds (SFR),FUNDS,Sell,S,2002-09-06 10:32:36,1,83.33,CH0004164858,Investment Funds,CHF,83.33,Trading,CHF_CHF,0.685965153,0.680573043
200341,DWS (CH) - Balance Global,FUNDS,Sell,S,2002-09-06 10:33:21,2,108.18,CH0003531990,Investment Funds,CHF,216.36,Trading,CHF_CHF,0.686012211,0.680781537
200341,LO OPPORTUNITY - GLOBAL CONSERVATIVE,FUNDS,Sell,S,2002-09-06 14:38:55,1,193.79,CH0009346054,Investment Funds,CHF,193.79,Trading,CHF_CHF,0.68504881,0.676406926
200341,Pictet P.C.F. Germaval,FUNDS,Sell,S,2002-09-06 20:38:33,1,80.13,LU0048475809,Investment Funds,EUR,80.13,Trading,CHF_EUR,1,0.98125
200341,DWS Internet-Aktien Typ O,COMMODITIES,Sell,S,2002-09-09 10:13:01,5,7.18,DE0009848002,Investment Funds,EUR,35.9,Trading,CHF_EUR,1,0.97885
200341,LO Funds - EU Convergence Bond P A,FUNDS,Sell,S,2002-09-09 10:13:52,20,10.112,LU0137081187,Investment Funds,EUR,202.24,Trading,CHF_EUR,1,0.97865
200341,ADECCO N,SHARE,Buy,B,2002-10-02 14:31:41,10,41.85,CH00121386051,SIX Swiss Exchange (SIX-Europe),CHF,418.5,Trading,CHF_CHF,0.684743906,0.674149729
200341,ADECCO N,SHARE,Sell,S,2002-10-10 11:44:59,10,37.55,CH00121386051,SIX Swiss Exchange (SIX-Europe),CHF,375.5,Trading,CHF_CHF,0.684228532,0.678035054
200341,CS PF (Lux) Fixed Inc (Euro) A,FUNDS,Buy,B,2002-10-10 13:38:25,8,56.49,LU0078038857,Investment Funds,EUR,451.92,Trading,CHF_EUR,1,0.9876
200341,Bank Hofmann Swiss Stocks,FUNDS,Buy,B,2002-10-14 11:43:14,5,76.86,CH0003545701,Investment Funds,CHF,384.3,Trading,CHF_CHF,0.683900971,0.676132522
200341,BANK HOFMANN DOLLARRENT,FUNDS,Buy,B,2002-10-14 11:43:41,2,116.91,GB0007362642,Investment Funds,USD,233.82,Trading,CHF_USD,1.011480301,1
200341,BANK HOFMANN EURO STOCKS,FUNDS,Buy,B,2002-10-14 11:44:16,5,70.33,GB0007362865,Investment Funds,EUR,351.65,Trading,CHF_EUR,1,0.9887
200341,ABB LTD N,SHARE,Buy,B,2002-10-16 09:13:48,1,4.65,CH00122217161,SIX Swiss Exchange (SIX-Europe),CHF,4.65,Trading,CHF_CHF,0.681709728,0.669814796
200341,ABB LTD N,SHARE,Sell,S,2002-10-16 10:04:18,1,5,CH00122217161,SIX Swiss Exchange (SIX-Europe),CHF,5,Trading,CHF_CHF,0.680480419,0.667534461
200341,ZURICH N ANR,DERIVATIVES,Buy,B,2002-10-17 11:33:43,10,39.85,CH00148248551,SIX Swiss Exchange (SIX-Europe),CHF,398.5,Trading,CHF_CHF,0.68136136,0.666000666
200341,SAP AG ST O.N.,SHARE,Buy,B,2002-10-23 14:03:10,5,68.96,DE0007164600,Xetra,EUR,344.8,Trading,CHF_EUR,1,0.97725
200341,SAP AG ST O.N.,SHARE,Sell,S,2002-10-23 14:51:56,5,68.94,DE0007164600,Xetra,EUR,344.7,Trading,CHF_EUR,1,0.97665
200341,WAPME SYSTEMS O.N.,SHARE,Buy,B,2002-10-23 15:39:46,100,0.9,DE0005495501,,EUR,90,Trading,CHF_EUR,1,0.97535
200341,WAPME SYSTEMS O.N.,SHARE,Sell,S,2002-10-23 15:47:53,100,0.84,DE0005495501,,EUR,84,Trading,CHF_EUR,1,0.97485
200341,Clariden Leu (Gue) Asia Equity Multi Manager Fund,FUNDS,Buy,B,2002-10-23 16:14:34,2,106.5,GB0007355513,Investment Funds,USD,213,Trading,CHF_USD,1.024747656,1
200341,ZURICH N ANR,DERIVATIVES,Sell,S,2002-10-24 16:27:31,1,40.75,CH00148248551,SIX Swiss Exchange (SIX-Europe),CHF,40.75,Trading,CHF_CHF,0.681268522,0.663592024
200341,WAPME SYSTEMS O.N.,SHARE,Buy,B,2002-10-29 11:16:14,150,1.09,DE0005495501,,EUR,163.5,Trading,CHF_EUR,1,0.98425
200341,BAYER AG O.N.,SHARE,Buy,B,2002-10-29 11:40:09,29,19.5,DE0005752000,Xetra,EUR,565.5,Trading,CHF_EUR,1,0.9842
200341,,OTHER,Cash_out,O,2002-10-30 04:03:20,1,1.5,,,EUR,1.5,Payment,CHF_EUR,1,0.98255
200341,WAPME SYSTEMS O.N.,SHARE,Sell,S,2002-10-30 19:07:00,150,0.97,DE0005495501,,EUR,145.5,Trading,CHF_EUR,1,0.98315
200341,PORSCHE AG VZO O.N.,SHARE,Buy,B,2002-10-30 19:08:32,1,470.75,DE0006937733,Xetra,EUR,470.75,Trading,CHF_EUR,1,0.98325
200341,,OTHER,Cash_out,O,2002-10-31 04:03:13,1,440,,,CHF,440,Payment,CHF_CHF,0.683386865,0.674877678
200341,,OTHER,Cash_out,O,2002-10-31 04:03:13,1,3,,,EUR,3,Payment,CHF_EUR,1,0.98755
200341,BANK HOFMANN EURO STOCKS,FUNDS,Sell,S,2002-11-01 17:12:42,5,79.92,GB0007362865,Investment Funds,EUR,399.6,Trading,CHF_EUR,1,0.99695
200341,LUFTHANSA AG VNA O.N.,SHARE,Buy,B,2002-11-05 16:09:19,5,12.43,DE0008232125,Xetra,EUR,62.15,Trading,CHF_EUR,1,1.00155
200341,WAPME SYSTEMS O.N.,SHARE,Buy,B,2002-11-05 16:14:37,40,1.22,DE0005495501,,EUR,48.8,Trading,CHF_EUR,1,1.00155
200341,WAPME SYSTEMS O.N.,SHARE,Sell,S,2002-11-05 18:31:14,40,1.14,DE0005495501,,EUR,45.6,Trading,CHF_EUR,1,1.00025
200341,,OTHER,Cash_out,O,2002-11-06 04:02:08,1,3,,,EUR,3,Payment,CHF_EUR,1,0.99875
200341,DT.TELEKOM AG NA,SHARE,Buy,B,2002-11-07 13:17:20,3,11.64,DE0005557508,Xetra,EUR,34.92,Trading,CHF_EUR,1,1.00105
200341,ZURICH INSURANCE N,SHARE,Sell,S,2002-11-08 15:45:36,6,135.75,CH00110753941,SIX Swiss Exchange (SIX-Europe),CHF,814.5,Trading,CHF_CHF,0.683176772,0.689893067
200341,WAPME SYSTEMS O.N.,SHARE,Buy,B,2002-11-08 15:51:45,300,1.08,DE0005495501,,EUR,324,Trading,CHF_EUR,1,1.00945
200341,BAYER AG O.N.,SHARE,Buy,B,2002-11-11 11:34:30,1,19.21,DE0005752000,Xetra,EUR,19.21,Trading,CHF_EUR,1,1.01465
200341,DT.TELEKOM AG NA,SHARE,Buy,B,2002-11-11 11:38:02,1,10.6,DE0005557508,Xetra,EUR,10.6,Trading,CHF_EUR,1,1.01475
200341,LUFTHANSA AG VNA O.N.,SHARE,Sell,S,2002-11-11 14:08:37,5,11.25,DE0008232125,Xetra,EUR,56.25,Trading,CHF_EUR,1,1.0133
200341,iSh SMI CH CHF D,ETF,Buy,B,2002-11-12 16:31:54,1,48.48,CH00088997644,SIX Swiss Exchange,CHF,48.48,Trading,CHF_CHF,0.684064713,0.691061124
200341,Pictet-World Government Bonds -P USD,FUNDS,Buy,B,2002-11-29 14:40:57,1,108.55,LU0133805894,Investment Funds,USD,108.55,Trading,CHF_USD,1.007658202,1
200341,WAPME SYSTEMS O.N.,SHARE,Sell,S,2002-12-11 15:43:25,300,0.83,DE0005495501,,EUR,249,Trading,CHF_EUR,1,1.00765
200341,BAYER AG O.N.,SHARE,Sell,S,2002-12-11 15:44:07,30,22.55,DE0005752000,Xetra,EUR,676.5,Trading,CHF_EUR,1,1.00755
200341,DT.TELEKOM AG NA,SHARE,Sell,S,2002-12-11 15:44:52,4,12.74,DE0005557508,Xetra,EUR,50.96,Trading,CHF_EUR,1,1.00785
200341,ERICSSON B (FRIA)    SK 1,SHARE,Buy,B,2002-12-18 14:31:10,550,0.76,SE0000108656,Xetra,EUR,418,Trading,CHF_EUR,1,1.02545
200341,ERICSSON B (FRIA)    SK 1,SHARE,Buy,B,2002-12-18 14:32:14,200,0.76,SE0000108656,Xetra,EUR,152,Trading,CHF_EUR,1,1.02585
200341,ERICSSON B (FRIA)    SK 1,SHARE,Sell,S,2003-01-07 16:28:37,750,0.82,SE0000108656,Xetra,EUR,615,Trading,CHF_EUR,1,1.04345
200341,Bank Hofmann Swiss Stocks,FUNDS,Sell,S,2003-01-15 14:16:57,3,80.9,CH0003545701,Investment Funds,CHF,242.7,Trading,CHF_CHF,0.683270131,0.719269222
200341,INTEL ORD,SHARE,Buy,B,2003-01-15 16:34:20,10,17.62,US4581401001,NASDAQ New York,USD,176.2,Trading,CHF_USD,0.945492365,1
200341,INTEL ORD,SHARE,Buy,B,2003-01-15 16:58:38,10,17.71,US4581401001,NASDAQ New York,USD,177.1,Trading,CHF_USD,0.944688489,1
200341,INTEL ORD,SHARE,Sell,S,2003-01-15 17:00:43,10,17.64,US4581401001,NASDAQ New York,USD,176.4,Trading,CHF_USD,0.944376239,1
200341,GENERAL ELECTRIC ORD,SHARE,Buy,B,2003-01-15 17:03:18,10,25.38,US3696041033,New York Stock Exchange (NYSE),USD,253.8,Trading,CHF_USD,0.944420834,1
200341,PROTEIN DESIGN LABS INC,SHARE,Buy,B,2003-01-15 17:08:03,10,9.76,US74369L1035,NASDAQ New York,USD,97.6,Trading,CHF_USD,0.944599254,1
200341,CNET NETWORKS,SHARE,Buy,B,2003-01-15 17:09:53,10,2.93,US12613R1041,NASDAQ New York,USD,29.3,Trading,CHF_USD,0.944420834,1
200341,PEPSICO ORD,SHARE,Buy,B,2003-01-15 17:12:17,10,43.14,US7134481081,New York Stock Exchange (NYSE),USD,431.4,Trading,CHF_USD,0.944153331,1
200341,GATEWAY ORD,SHARE,Buy,B,2003-01-15 17:16:39,10,3.01,US3676261080,New York Stock Exchange (NYSE),USD,30.1,Trading,CHF_USD,0.94486701,1
200341,STARBUCKS ORD,SHARE,Buy,B,2003-01-15 17:21:03,10,20.24,US8552441094,NASDAQ New York,USD,202.4,Trading,CHF_USD,0.945134918,1
200341,INTEL ORD,SHARE,Sell,S,2003-01-16 16:07:24,10,17.38,US4581401001,NASDAQ New York,USD,173.8,Trading,CHF_USD,0.946745562,1
200341,GENERAL ELECTRIC ORD,SHARE,Sell,S,2003-01-16 16:08:33,10,25.41,US3696041033,New York Stock Exchange (NYSE),USD,254.1,Trading,CHF_USD,0.946566331,1
200341,PROTEIN DESIGN LABS INC,SHARE,Sell,S,2003-01-16 16:09:43,10,10.04,US74369L1035,NASDAQ New York,USD,100.4,Trading,CHF_USD,0.946835203,1
200341,CNET NETWORKS,SHARE,Sell,S,2003-01-16 16:10:49,10,2.81,US12613R1041,NASDAQ New York,USD,28.1,Trading,CHF_USD,0.946745562,1
200341,PEPSICO ORD,SHARE,Sell,S,2003-01-16 16:11:51,10,43.49,US7134481081,New York Stock Exchange (NYSE),USD,434.9,Trading,CHF_USD,0.946835203,1
200341,GATEWAY ORD,SHARE,Sell,S,2003-01-16 16:14:33,10,3.11,US3676261080,New York Stock Exchange (NYSE),USD,31.1,Trading,CHF_USD,0.946655938,1
200341,STARBUCKS ORD,SHARE,Sell,S,2003-01-16 16:15:47,10,20.36,US8552441094,NASDAQ New York,USD,203.6,Trading,CHF_USD,0.946655938,1
200341,SIEMENS N,SHARE,Buy,B,2003-01-16 16:39:42,10,42.05,DE00072361011,SIX Swiss Exchange (SIX-Europe),EUR,420.5,Trading,CHF_EUR,1,1.05675
200341,RED HAT,SHARE,Buy,B,2003-01-17 19:51:02,10,5.99,US7565771026,NASDAQ New York,USD,59.9,Trading,CHF_USD,0.938218323,1
200341,RED HAT,SHARE,Buy,B,2003-01-17 19:51:53,10,5.99,US7565771026,NASDAQ New York,USD,59.9,Trading,CHF_USD,0.93835038,1
200341,,OTHER,Cash_in,I,2003-01-18 04:02:51,1,5000,,,USD,5000,Income,CHF_USD,0.937031484,1
200341,RED HAT,SHARE,Sell,S,2003-01-21 15:37:46,20,6.1,US7565771026,NASDAQ New York,USD,122,Trading,CHF_USD,0.938658657,1
200341,RED HAT,SHARE,Buy,B,2003-01-21 20:22:48,200,6.06,US7565771026,NASDAQ New York,USD,1212,Trading,CHF_USD,0.932270545,1
200341,CITIZENS INC,SHARE,Buy,B,2003-01-21 20:30:50,100,7.04,US1747401008,New York Stock Exchange (NYSE),USD,704,Trading,CHF_USD,0.932270545,1
200341,PROCTER & GAMBLE ORD,SHARE,Buy,B,2003-01-21 20:41:17,30,86.87,US7427181091,New York Stock Exchange (NYSE),USD,2606.1,Trading,CHF_USD,0.93300989,1
200341,PROCTER & GAMBLE ORD,SHARE,Sell,S,2003-01-22 19:00:46,30,85.5,US7427181091,New York Stock Exchange (NYSE),USD,2565,Trading,CHF_USD,0.932531356,1
200341,CS PF (Lux) Fixed Inc (Euro) A,FUNDS,Buy,B,2003-01-24 17:21:12,6,56.89,LU0078038857,Investment Funds,EUR,341.34,Trading,CHF_EUR,1,1.08115
200341,CS PF (Lux) Fixed Inc (Euro) A,FUNDS,Sell,S,2003-01-24 17:23:00,4,56.89,LU0078038857,Investment Funds,EUR,227.56,Trading,CHF_EUR,1,1.08125
200341,BAYER AG O.N.,SHARE,Buy,B,2003-01-24 18:50:27,10,17.45,DE0005752000,Xetra,EUR,174.5,Trading,CHF_EUR,1,1.0833
200341,BIOLITEC AG O.N.,SHARE,Buy,B,2003-01-24 19:11:35,100,2.95,DE0005213409,,EUR,295,Trading,CHF_EUR,1,1.08455
200341,ORACLE ORD,SHARE,Buy,B,2003-01-24 19:18:58,200,11.72,US68389X1054,NASDAQ New York,USD,2344,Trading,CHF_USD,0.922126424,1
200341,PHILIP MORRIS COS INC,SHARE,Buy,B,2003-01-24 19:33:39,50,39,US7181541076,New York Stock Exchange (NYSE),USD,1950,Trading,CHF_USD,0.922594335,1
200341,BAYER AG O.N.,SHARE,Buy,B,2003-01-27 10:31:43,50,16.55,DE0005752000,Xetra,EUR,827.5,Trading,CHF_EUR,1,1.0874
200341,PORSCHE AG VZO O.N.,SHARE,Sell,S,2003-01-28 15:10:49,1,362.01,DE0006937733,Xetra,EUR,362.01,Trading,CHF_EUR,1,1.08085
200341,SIEMENS N,SHARE,Sell,S,2003-01-28 15:12:52,10,35.25,DE00072361011,SIX Swiss Exchange (SIX-Europe),EUR,352.5,Trading,CHF_EUR,1,1.08095
200341,BAYER AG O.N.,SHARE,Sell,S,2003-01-28 15:13:04,60,16.52,DE0005752000,Xetra,EUR,991.2,Trading,CHF_EUR,1,1.08095
200341,BIOLITEC AG O.N.,SHARE,Sell,S,2003-01-28 15:13:31,100,2.93,DE0005213409,,EUR,293,Trading,CHF_EUR,1,1.08085
200341,iSh SMI CH CHF D,ETF,Sell,S,2003-01-29 12:57:15,1,42.17,CH00088997644,SIX Swiss Exchange,CHF,42.17,Trading,CHF_CHF,0.680920605,0.74000074
200341,CITIZENS INC,SHARE,Sell,S,2003-01-29 15:36:29,100,7.09,US1747401008,New York Stock Exchange (NYSE),USD,709,Trading,CHF_USD,0.920937514,1
200341,ALTRIA GROUP ORD,SHARE,Sell,S,2003-01-29 17:47:48,50,37.07,US02209S1033,New York Stock Exchange (NYSE),USD,1853.5,Trading,CHF_USD,0.92085271,1
200341,ORACLE ORD,SHARE,Sell,S,2003-01-29 17:49:36,200,11.76,US68389X1054,NASDAQ New York,USD,2352,Trading,CHF_USD,0.92140422,1
200341,RED HAT,SHARE,Sell,S,2003-01-29 17:50:08,200,5.52,US7565771026,NASDAQ New York,USD,1104,Trading,CHF_USD,0.92140422,1
200341,Clariden Leu (Gue) Asia Equity Multi Manager Fund,FUNDS,Sell,S,2003-02-05 14:59:27,2,111.14,GB0007355513,Investment Funds,USD,222.28,Trading,CHF_USD,0.919413414,1
200341,ABB LTD N,SHARE,Buy,B,2003-02-17 14:20:53,1000,3.49,CH00122217161,SIX Swiss Exchange (SIX-Europe),CHF,3490,Trading,CHF_CHF,0.679071031,0.727272727
200341,GILDEMEISTER AG O.N.,SHARE,Buy,B,2003-02-18 19:42:49,500,3.83,DE0005878003,Xetra,EUR,1915,Trading,CHF_EUR,1,1.0691
200341,GILDEMEISTER AG O.N.,SHARE,Sell,S,2003-02-18 19:46:41,500,3.79,DE0005878003,Xetra,EUR,1895,Trading,CHF_EUR,1,1.0689
200341,BNP PARIBAS ACT.A ORD,SHARE,Buy,B,2003-03-03 15:46:44,10,39.43,FR0000131104,Euronext Paris,EUR,394.3,Trading,CHF_EUR,1,1.0811
200341,SAURER --- NAMEN AKT. CHF 11.5,SHARE,Buy,B,2003-03-04 12:16:45,20,30,CH00123451434,SIX Swiss Exchange,CHF,600,Trading,CHF_CHF,0.685119211,0.747663551
200341,GENERALI N,SHARE,Buy,B,2003-03-04 12:20:23,10,137,CH00050724154,SIX Swiss Exchange,CHF,1370,Trading,CHF_CHF,0.685119211,0.747440018
200341,KUDELSKI I,SHARE,Buy,B,2003-03-04 12:22:27,20,16.45,CH00122683601,SIX Swiss Exchange (SIX-Europe),CHF,329,Trading,CHF_CHF,0.685166153,0.747607656
200341,BNP PARIBAS ACT.A ORD,SHARE,Sell,S,2003-03-04 12:43:51,10,37.96,FR0000131104,Euronext Paris,EUR,379.6,Trading,CHF_EUR,1,1.0906
200341,Bank Hofmann Swiss Stocks,FUNDS,Buy,B,2003-03-05 16:00:39,2,66.525,CH0003545701,Investment Funds,CHF,133.05,Trading,CHF_CHF,0.68544794,0.751540658
200341,,OTHER,Cash_in,I,2003-03-06 04:04:12,1,25,,,CHF,25,Income,CHF_CHF,0.68544794,0.751992781
200341,BNP PARIBAS ACT.A ORD,SHARE,Buy,B,2003-03-12 15:57:57,10,33.33,FR0000131104,Euronext Paris,EUR,333.3,Trading,CHF_EUR,1,1.1012
200341,LAFARGE ORD,SHARE,Buy,B,2003-03-12 16:53:10,8,43.79,FR0000120537,Euronext Paris,EUR,350.32,Trading,CHF_EUR,1,1.1023
200341,ABB LTD N,SHARE,Sell,S,2003-03-12 16:57:04,500,2.83,CH00122217161,SIX Swiss Exchange (SIX-Europe),CHF,1415,Trading,CHF_CHF,0.681291729,0.750694392
200341,BOUYGUES ORD,SHARE,Buy,B,2003-03-12 17:04:08,50,16.99,FR0000120503,Euronext Paris,EUR,849.5,Trading,CHF_EUR,1,1.1019
200341,MICHELIN ORD,SHARE,Buy,B,2003-03-14 13:21:29,4,27.25,FR0000121261,Euronext Paris,EUR,109,Trading,CHF_EUR,1,1.0766
200341,GENERALI N,SHARE,Sell,S,2003-03-14 13:32:20,3,125,CH00050724154,SIX Swiss Exchange,CHF,375,Trading,CHF_CHF,0.681291729,0.732922897
200341,GENERALI N,SHARE,Sell,S,2003-03-14 17:04:35,7,125,CH00050724154,SIX Swiss Exchange,CHF,875,Trading,CHF_CHF,0.681523887,0.733568075
200341,SAURER --- NAMEN AKT. CHF 11.5,SHARE,Sell,S,2003-03-20 09:17:04,20,35,CH00123451434,SIX Swiss Exchange,CHF,700,Trading,CHF_CHF,0.680410968,0.723641363
200341,ABB LTD N,SHARE,Sell,S,2003-03-20 10:02:49,500,3.8,CH00122217161,SIX Swiss Exchange (SIX-Europe),CHF,1900,Trading,CHF_CHF,0.680040802,0.722386766
200341,LAFARGE ORD,SHARE,Sell,S,2003-03-21 11:54:03,8,58,FR0000120537,Euronext Paris,EUR,464,Trading,CHF_EUR,1,1.0593
200341,TUI AG O.N.,SHARE,Buy,B,2003-03-28 17:27:27,200,9.24,DE0006952005,Xetra,EUR,1848,Trading,CHF_EUR,1,1.0754
200341,DAY N,SHARE,Buy,B,2003-03-28 17:31:15,1,5.4,CH00104742184,SIX Swiss Exchange,CHF,5.4,Trading,CHF_CHF,0.677323219,0.728438228
200341,ABB LTD N,SHARE,Buy,B,2003-04-04 14:24:56,80,3.71,CH00122217161,SIX Swiss Exchange (SIX-Europe),CHF,296.8,Trading,CHF_CHF,0.672675905,0.721136511
200341,BNP PARIBAS ACT.A ORD,SHARE,Sell,S,2003-04-04 14:29:28,10,40.58,FR0000131104,Euronext Paris,EUR,405.8,Trading,CHF_EUR,1,1.0723
200341,ABB LTD N,SHARE,Sell,S,2003-04-04 14:31:16,80,3.69,CH00122217161,SIX Swiss Exchange (SIX-Europe),CHF,295.2,Trading,CHF_CHF,0.672675905,0.721240534
200341,TUI AG O.N.,SHARE,Sell,S,2003-04-04 14:33:17,200,9.71,DE0006952005,Xetra,EUR,1942,Trading,CHF_EUR,1,1.0723
200341,MICHELIN ORD,SHARE,Sell,S,2003-04-04 14:57:33,4,26.93,FR0000121261,Euronext Paris,EUR,107.72,Trading,CHF_EUR,1,1.072
200341,SAP AG ST O.N.,SHARE,Buy,B,2003-04-04 15:00:14,10,73.56,DE0007164600,Xetra,EUR,735.6,Trading,CHF_EUR,1,1.0722
200341,,OTHER,Cash_in,I,2003-04-10 11:33:08,1,50,,,CHF,50,Income,CHF_CHF,0.670691,0.723353
200341,,OTHER,Cash_out,O,2003-04-10 11:34:10,1,50,,,CHF,50,Payment,CHF_CHF,0.670713,0.723118
200341,BANK HOFMANN DOLLARRENT,FUNDS,Sell,S,2003-04-14 15:42:40,2,114.01,GB0007362642,Investment Funds,USD,228.02,Trading,CHF_USD,0.927945066,1
200341,SAP AG ST O.N.,SHARE,Sell,S,2003-04-16 09:15:35,10,92,DE0007164600,Xetra,EUR,920,Trading,CHF_EUR,1,1.08335
200341,KUDELSKI I,SHARE,Sell,S,2003-04-28 17:17:47,20,22,CH00122683601,SIX Swiss Exchange (SIX-Europe),CHF,440,Trading,CHF_CHF,0.663636062,0.729288215
200341,NOVARTIS N,SHARE,Buy,B,2003-05-02 10:22:38,1,53.05,CH00120052671,SIX Swiss Exchange (SIX-Europe),CHF,53.05,Trading,CHF_CHF,0.661857171,0.742252737
200341,,OTHER,Cash_in,I,2003-05-07 04:03:56,1,10,,,ZAR,10,Income,CHF_ZAR,0.120458404,0.137492994
200341,,OTHER,Cash_out,O,2003-05-07 12:19:57,1,10,,,ZAR,10,Payment,CHF_ZAR,0.119651252,0.136517711
200341,,OTHER,Cash_in,I,2003-05-09 04:04:07,1,10,,,ZAR,10,Income,CHF_ZAR,0.120101886,0.138377747
200341,SONOVA N,SHARE,Buy,B,2003-05-19 10:45:22,2,13.75,CH00125497854,SIX Swiss Exchange,CHF,27.5,Trading,CHF_CHF,0.660654709,0.77411364
200341,SONOVA N,SHARE,Sell,S,2003-05-19 10:46:51,2,13.7,CH00125497854,SIX Swiss Exchange,CHF,27.4,Trading,CHF_CHF,0.660676533,0.774143604
200341,SWISSQUOTE N,SHARE,Buy,B,2003-05-28 09:35:09,10,24.85,CH00106758634,SIX Swiss Exchange,CHF,248.5,Trading,CHF_CHF,0.65700864,0.774443369
200341,SWISSQUOTE N,SHARE,Sell,S,2003-05-28 09:51:53,10,24.85,CH00106758634,SIX Swiss Exchange,CHF,248.5,Trading,CHF_CHF,0.657051809,0.77411364
200341,CS PF (Lux) Fixed Inc (Euro) A,FUNDS,Sell,S,2003-06-04 16:27:30,10,55.68,LU0078038857,Investment Funds,EUR,556.8,Trading,CHF_EUR,1,1.16995
200341,NOVARTIS N,SHARE,Buy,B,2003-06-20 11:42:40,2,54.95,CH00120052671,SIX Swiss Exchange (SIX-Europe),CHF,109.9,Trading,CHF_CHF,0.647500648,0.756601347
200341,RED HAT,SHARE,Buy,B,2003-09-03 19:34:53,100,7.77,US7565771026,NASDAQ New York,USD,777,Trading,CHF_USD,0.921107171,1
200341,NOVARTIS N,SHARE,Buy,B,2003-09-11 13:54:51,10,54.85,CH00120052671,SIX Swiss Exchange (SIX-Europe),CHF,548.5,Trading,CHF_CHF,0.644018677,0.722804481
200341,PORSCHE AG VZO O.N.,SHARE,Buy,B,2003-09-11 14:01:17,2,391.99,DE0006937733,Xetra,EUR,783.98,Trading,CHF_EUR,1,1.12245
200341,DAY N,SHARE,Buy,B,2003-09-11 14:10:06,100,12.5,CH00104742184,SIX Swiss Exchange,CHF,1250,Trading,CHF_CHF,0.643811363,0.722178089
200341,DAY N,SHARE,Sell,S,2003-09-12 09:35:45,101,13,CH00104742184,SIX Swiss Exchange,CHF,1313,Trading,CHF_CHF,0.644932443,0.721839246
200341,SIEMENS AG NA,SHARE,Buy,B,2003-09-15 15:21:45,20,54.79,DE0007236101,Xetra,EUR,1095.8,Trading,CHF_EUR,1,1.12935
200341,RED HAT,SHARE,Sell,S,2003-09-19 15:30:20,100,9.16,US7565771026,NASDAQ New York,USD,916,Trading,CHF_USD,0.885465091,1
200341,ABN AMRO Funds Biotech Fund,FUNDS,Buy,B,2003-10-16 15:49:24,50,20.21,LU0120308514,Investment Funds,EUR,1010.5,Trading,CHF_EUR,1,1.16875
200341,ABN AMRO Funds Global Emerging Markets Equity Fund,FUNDS,Buy,B,2003-10-16 16:05:35,10,52.27,LU0076583623,Investment Funds,USD,522.7,Trading,CHF_USD,0.856421017,1
200341,ABN AMRO Funds Biotech Fund,FUNDS,Sell,S,2003-10-24 14:15:13,50,19.13,LU0120308514,Investment Funds,EUR,956.5,Trading,CHF_EUR,1,1.17765
200341,ABN AMRO Funds Global Emerging Markets Equity Fund,FUNDS,Sell,S,2003-10-24 14:15:38,10,51.93,LU0076583623,Investment Funds,USD,519.3,Trading,CHF_USD,0.848860405,1
200341,,OTHER,Cash_in,I,2003-10-25 04:05:54,1,900,,,CHF,900,Income,CHF_CHF,0.646517,0.761818
200341,ABB LTD N,SHARE,Buy,B,2003-11-19 15:26:03,12,7.99,CH00122217161,SIX Swiss Exchange (SIX-Europe),CHF,95.88,Trading,CHF_CHF,0.644433704,0.769822941
200341,ABB LTD N,SHARE,Buy,B,2003-11-19 15:26:03,166,7.99,CH00122217161,SIX Swiss Exchange (SIX-Europe),CHF,1326.34,Trading,CHF_CHF,0.644433704,0.769822941
200341,ABB LTD N,SHARE,Buy,B,2003-11-19 15:26:03,22,7.99,CH00122217161,SIX Swiss Exchange (SIX-Europe),CHF,175.78,Trading,CHF_CHF,0.644433704,0.769822941
200341,MICROSOFT ORD,SHARE,Buy,B,2003-12-01 17:30:36,10,26.01,US5949181045,NASDAQ New York,USD,260.1,Trading,CHF_USD,0.836785072,1
200341,LOGITECH N,SHARE,Buy,B,2003-12-01 17:31:01,2,57.1,CH00126071954,SIX Swiss Exchange,CHF,114.2,Trading,CHF_CHF,0.643935735,0.769467528
200341,LOGITECH N,SHARE,Buy,B,2003-12-01 17:31:01,2,57.1,CH00126071954,SIX Swiss Exchange,CHF,114.2,Trading,CHF_CHF,0.643935735,0.769467528
200341,MICROSOFT ORD,SHARE,Sell,S,2003-12-01 17:49:15,10,26.04,US5949181045,NASDAQ New York,USD,260.4,Trading,CHF_USD,0.837485867,1
200341,LOGITECH N,SHARE,Sell,S,2003-12-02 09:00:56,4,57.6,CH00126071954,SIX Swiss Exchange,CHF,230.4,Trading,CHF_CHF,0.643438536,0.769941484
200341,,OTHER,Cash_out,O,2003-12-13 04:09:07,1,560,,,CHF,560,Payment,CHF_CHF,0.644725,0.791515
200341,LUFTHANSA AG VNA O.N.,SHARE,Buy,B,2003-12-19 14:53:12,20,13.04,DE0008232125,Xetra,EUR,260.8,Trading,CHF_EUR,1,1.24165
200341,VESTAS WIND SYSTEMS ORD,SHARE,Buy,B,2004-01-06 14:03:08,10,97.5,DK0010268606,Copenhague,DKK,975,Trading,CHF_DKK,0.13425,5.839416
200341,VOLVO ORD,SHARE,Buy,B,2004-01-14 13:51:48,6,231,SE0000115420,Stockholm,SEK,1386,Trading,CHF_SEK,0.10895,0.13805
200341,VOLVO ORD,SHARE,Buy,B,2004-01-14 13:51:48,19,231,SE0000115420,Stockholm,SEK,4389,Trading,CHF_SEK,0.10895,0.13805
200341,VOLVO ORD,SHARE,Sell,S,2004-01-14 13:57:07,22,231.5,SE0000115420,Stockholm,SEK,5093,Trading,CHF_SEK,0.10895,0.13815001
200341,OMEGA PHARMA ORD,SHARE,Buy,B,2004-01-14 14:18:39,19,27.71,BE0003785020,Euronext Bruxelles,EUR,526.49,Trading,CHF_EUR,1,1.26935
200341,OMEGA PHARMA ORD,SHARE,Sell,S,2004-01-15 09:25:45,19,27.9,BE0003785020,Euronext Bruxelles,EUR,530.1,Trading,CHF_EUR,1,1.26395
200341,VOLVO ORD,SHARE,Sell,S,2004-01-15 10:28:02,1,232.5,SE0000115420,Stockholm,SEK,232.5,Trading,CHF_SEK,0.10895,0.13785
200341,VOLVO ORD,SHARE,Sell,S,2004-01-15 11:34:31,2,233,SE0000115420,Stockholm,SEK,466,Trading,CHF_SEK,0.10905,0.13785
200341,SSMII VON C 09/04/Z,DERIVATIVES,Buy,B,2004-02-18 18:14:10,100,0.55,CH00177557754,SIX Swiss Exchange,CHF,55,Trading,CHF_CHF,0.634618,0.813339
200341,SSMII VON C 09/04/Z,DERIVATIVES,Sell,S,2004-02-18 18:14:40,100,0.55,CH00177557754,SIX Swiss Exchange,CHF,55,Trading,CHF_CHF,0.634578,0.81314
200341,SSMII VON C 09/04/Z,DERIVATIVES,Buy,B,2004-02-24 18:55:51,100,0.49,CH00177557754,SIX Swiss Exchange,CHF,49,Trading,CHF_CHF,0.635587,0.806127
200341,ZURVX VON C 09/04/Z,DERIVATIVES,Buy,B,2004-02-25 08:34:47,100,1.98,CH00176603224,SIX Swiss Exchange,CHF,198,Trading,CHF_CHF,0.635183,0.805802
200341,SSMII VON C 09/04/Z,DERIVATIVES,Sell,S,2004-02-27 11:12:57,100,0.61,CH00177557754,SIX Swiss Exchange,CHF,61,Trading,CHF_CHF,0.633613,0.784498
200341,ZURVX VON C 09/04/Z,DERIVATIVES,Sell,S,2004-03-04 16:52:58,100,2.13,CH00176603224,SIX Swiss Exchange,CHF,213,Trading,CHF_CHF,0.633854,0.772857
200341,,OTHER,Cash_out,O,2004-03-10 04:10:23,1,10,,,ZAR,10,Payment,CHF_ZAR,0.12395,0.15255
200341,NOVAV VON C 06/04/Z,DERIVATIVES,Buy,B,2004-03-15 08:05:00,100,0.12,CH00176129014,SIX Swiss Exchange,CHF,12,Trading,CHF_CHF,0.638733,0.781677
200341,NOVAV VON C 06/04/Z,DERIVATIVES,Sell,S,2004-03-15 09:32:30,100,0.1,CH00176129014,SIX Swiss Exchange,CHF,10,Trading,CHF_CHF,0.638957,0.783269
200341,KUDELSKI I,SHARE,Buy,B,2004-03-15 09:34:31,35,43.95,CH00122683601,SIX Swiss Exchange (SIX-Europe),CHF,1538.25,Trading,CHF_CHF,0.638998,0.783208
200341,KUDELSKI I,SHARE,Sell,S,2004-03-15 09:37:05,10,43.7,CH00122683601,SIX Swiss Exchange (SIX-Europe),CHF,437,Trading,CHF_CHF,0.638957,0.78376
200341,KUDELSKI I,SHARE,Sell,S,2004-03-15 09:37:05,25,43.6,CH00122683601,SIX Swiss Exchange (SIX-Europe),CHF,1090,Trading,CHF_CHF,0.638957,0.78376
200341,NOVAV VON C 06/04/Z,DERIVATIVES,Buy,B,2004-03-15 09:38:23,1000,0.11,CH00176129014,SIX Swiss Exchange,CHF,110,Trading,CHF_CHF,0.639039,0.783699
200341,NOVAV VON C 06/04/Z,DERIVATIVES,Sell,S,2004-03-15 10:51:52,1000,0.11,CH00176129014,SIX Swiss Exchange,CHF,110,Trading,CHF_CHF,0.638835,0.785423
200341,KUDELSKI I,SHARE,Buy,B,2004-03-15 10:53:08,10,43.15,CH00122683601,SIX Swiss Exchange (SIX-Europe),CHF,431.5,Trading,CHF_CHF,0.638835,0.785361
200341,AB INBEV ORD,SHARE,Buy,B,2004-03-18 16:25:29,10,22.45,BE0003793107,Euronext Bruxelles,EUR,224.5,Trading,CHF_EUR,1,1.23465
200341,FARMATIC BIOTECH O.N.,SHARE,Buy,B,2004-03-19 10:07:35,500,0.29,DE0006051923,Xetra,EUR,145,Trading,CHF_EUR,1,1.23635
200341,740247 CB C 06/04,DERIVATIVES,Buy,B,2004-03-19 10:12:20,100,0.1,DE0007402471,Euwax,EUR,10,Trading,CHF_EUR,1,1.23605
200341,LODH Korea & ASEAN P D,FUNDS,Buy,B,2004-03-26 17:20:57,2,63.75,CH0004798440,Investment Funds,CHF,127.5,Trading,CHF_CHF,0.643687,0.779788
200341,,OTHER,Cash_in,I,2004-03-30 04:10:38,1,1000,,,CHF,1000,Income,CHF_CHF,0.640369,0.779818
200341,740247 CB C 06/04,DERIVATIVES,Sell,S,2004-03-31 10:47:32,100,0.052,DE0007402471,Euwax,EUR,5.2,Trading,CHF_EUR,1,1.22255
200341,LUFTHANSA AG VNA O.N.,SHARE,Sell,S,2004-04-07 09:20:45,20,13.94,DE0008232125,Xetra,EUR,278.8,Trading,CHF_EUR,1,1.20665
200341,CLARIANT N,SHARE,Buy,B,2004-04-08 09:15:32,10,18.45,CH00121426311,SIX Swiss Exchange (SIX-Europe),CHF,184.5,Trading,CHF_CHF,0.643563,0.784068
200341,,OTHER,Cash_out,O,2004-04-27 04:10:23,1,60,,,CHF,60,Payment,CHF_CHF,0.645203,0.76438
200341,,OTHER,Cash_in,I,2004-06-02 04:11:40,1,10.2,,,DKK,10.2,Income,CHF_DKK,0.13445,0.16465
200341,,OTHER,Cash_out,O,2004-06-11 04:11:28,1,20.19,,,EUR,20.19,Payment,CHF_EUR,1,1.20515
200341,DAY N,SHARE,Buy,B,2004-06-11 10:40:01,10,31.3,CH00104742184,SIX Swiss Exchange,CHF,313,Trading,CHF_CHF,0.662405,0.794976
200341,AB INBEV ORD,SHARE,Sell,S,2004-06-11 16:04:14,10,25.34,BE0003793107,Euronext Bruxelles,EUR,253.4,Trading,CHF_EUR,1,1.20195
200341,DAY N,SHARE,Sell,S,2004-06-11 17:14:53,2,30.5,CH00104742184,SIX Swiss Exchange,CHF,61,Trading,CHF_CHF,0.660851,0.793934
200341,BAYER AG O.N.,SHARE,Buy,B,2004-06-14 11:05:45,2,22.99,DE0005752000,Xetra,EUR,45.98,Trading,CHF_EUR,1,1.19665
200341,INTERNATIONAL BUSINESS MACHINE,SHARE,Buy,B,2004-06-30 17:46:49,1,87.94,US4592001014,New York Stock Exchange (NYSE),USD,87.94,Trading,CHF_USD,0.821254,1
200341,,OTHER,Cash_out,O,2004-07-01 04:12:57,1,0.06,,,CHF,0.06,Payment,CHF_CHF,0.656383,0.798945
200341,,OTHER,Cash_in,I,2004-07-03 04:11:11,1,0.01,,,USD,0.01,Income,CHF_USD,0.812183,1
200341,OILPP VON P 02/05/Z,DERIVATIVES,Buy,B,2004-07-07 08:04:15,100,0.81,CH00189122764,SIX Swiss Exchange,CHF,81,Trading,CHF_CHF,0.658111,0.813637
200341,OILPP VON P 02/05/Z,DERIVATIVES,Sell,S,2004-07-07 08:04:53,100,0.8,CH00189122764,SIX Swiss Exchange,CHF,80,Trading,CHF_CHF,0.658198,0.813769
200341,Pictet-World Government Bonds -P USD,FUNDS,Sell,S,2004-07-09 19:45:20,1,129.46,LU0133805894,Investment Funds,USD,129.46,Trading,CHF_USD,0.805834,1
200341,ACCOR DS 04,DERIVATIVES,Buy,B,2004-07-21 17:19:59,1,0.01,FR0010104539,Euronext Paris,EUR,0.01,Trading,CHF_EUR,1,1.22155
200341,INTERNATIONAL BUSINESS MACHINE,SHARE,Buy,B,2004-08-11 18:36:55,2,83.54,US4592001014,New York Stock Exchange (NYSE),USD,167.08,Trading,CHF_USD,0.818699,1
200341,ABB LTD N,SHARE,Sell,S,2004-08-18 16:50:13,1,6.74,CH00122217161,SIX Swiss Exchange (SIX-Europe),CHF,6.74,Trading,CHF_CHF,0.650512,0.799616
200341,ENERSYS,SHARE,Buy,B,2004-09-21 17:33:08,10,13.97,US29275Y1029,New York Stock Exchange (NYSE),USD,139.7,Trading,CHF_USD,0.815228,1
200341,SYNTHES N,SHARE,Buy,B,2004-10-01 09:01:25,1,137,US87162M40961,SIX Swiss Exchange (SIX-Europe),CHF,137,Trading,CHF_CHF,0.645349,0.801154
200341,SYNTHES N,SHARE,Sell,S,2004-10-01 09:09:11,1,137.25,US87162M40961,SIX Swiss Exchange (SIX-Europe),CHF,137.25,Trading,CHF_CHF,0.645599,0.801732
200341,LUFTHANSA AG VNA O.N.,SHARE,Buy,B,2004-10-26 15:19:40,1,9.5,DE0008232125,Xetra,EUR,9.5,Trading,CHF_EUR,1,1.2796
200341,YAHOO! ORD,SHARE,Buy,B,2004-10-27 16:35:38,1,35.57,US9843321061,NASDAQ New York,USD,35.57,Trading,CHF_USD,0.782442,1
200341,SIEMENS AG NA,SHARE,Sell,S,2004-10-28 16:15:10,3,59.15,DE0007236101,Xetra,EUR,177.45,Trading,CHF_EUR,1,1.27325
200341,DWS Euro Reserve,FUNDS,Buy,B,2004-11-01 17:01:16,1,117.79,LU0011254512,Investment Funds,EUR,117.79,Trading,CHF_EUR,1,1.27445
200341,FARMATIC BIOTECH O.N.,SHARE,Sell,S,2004-11-10 16:48:44,500,0.077,DE0006051923,Xetra,EUR,38.5,Trading,CHF_EUR,1,1.28975
200341,ENERSYS,SHARE,Sell,S,2004-11-10 16:51:38,10,13.75,US29275Y1029,New York Stock Exchange (NYSE),USD,137.5,Trading,CHF_USD,0.774924,1
200341,BOUYGUES ORD,SHARE,Sell,S,2004-11-12 14:30:13,50,33.24,FR0000120503,Euronext Paris,EUR,1662,Trading,CHF_EUR,1,1.29185
200341,KUDELSKI I,SHARE,Buy,B,2004-12-01 15:28:15,10,43.05,CH00122683601,SIX Swiss Exchange (SIX-Europe),CHF,430.5,Trading,CHF_CHF,0.658046,0.87604
200341,GS1CXL GSI C 12/99,DERIVATIVES,Buy,B,2004-12-03 11:45:59,10,2.05,DE000GS1CXL4,Euwax,EUR,20.5,Trading,CHF_EUR,1,1.32845
200341,AIRESIS N,SHARE,Buy,B,2004-12-06 09:07:37,10,1.49,CH00109476274,SIX Swiss Exchange,CHF,14.9,Trading,CHF_CHF,0.656663,0.881368
200341,CG2KD1 CB C 12/04,DERIVATIVES,Buy,B,2004-12-10 17:06:28,100,0.29,DE000CG2KD17,Euwax,EUR,29,Trading,CHF_EUR,1,1.32285
200341,CG2KD1 CB C 12/04,DERIVATIVES,Sell,S,2004-12-10 17:10:35,100,0.27,DE000CG2KD17,Euwax,EUR,27,Trading,CHF_EUR,1,1.32265
200341,COMMERZBANK AG O.N.,SHARE,Buy,B,2004-12-14 12:35:29,1,15.13,DE0008032004,Xetra,EUR,15.13,Trading,CHF_EUR,1,1.33185
200341,COMMERZBANK AG O.N.,SHARE,Sell,S,2004-12-14 12:37:55,1,15.13,DE0008032004,Xetra,EUR,15.13,Trading,CHF_EUR,1,1.33215
200341,DWS Euro Reserve,FUNDS,Sell,S,2004-12-15 09:23:21,1,118.08,LU0011254512,Investment Funds,EUR,118.08,Trading,CHF_EUR,1,1.33205
200341,SMIMT VON P 01/05,DERIVATIVES,Buy,B,2005-01-05 18:52:43,100,0.21,CH00198946224,SIX Swiss Exchange,CHF,21,Trading,CHF_CHF,0.644725,0.855871
200341,SMIMT VON P 01/05,DERIVATIVES,Sell,S,2005-01-06 17:50:16,100,0.17,CH00198946224,SIX Swiss Exchange,CHF,17,Trading,CHF_CHF,0.646308,0.852152
200341,SMIMT VON P 01/05,DERIVATIVES,Buy,B,2005-01-06 18:19:37,100,0.18,CH00198946224,SIX Swiss Exchange,CHF,18,Trading,CHF_CHF,0.646308,0.851571
200341,SMIMT VON P 01/05,DERIVATIVES,Sell,S,2005-01-06 18:20:08,100,0.17,CH00198946224,SIX Swiss Exchange,CHF,17,Trading,CHF_CHF,0.646308,0.851571
200341,SMIMT VON P 01/05,DERIVATIVES,Buy,B,2005-01-06 18:28:05,100,0.18,CH00198946224,SIX Swiss Exchange,CHF,18,Trading,CHF_CHF,0.646266,0.851426
200341,SMIMT VON P 01/05,DERIVATIVES,Sell,S,2005-01-06 18:28:35,100,0.17,CH00198946224,SIX Swiss Exchange,CHF,17,Trading,CHF_CHF,0.646266,0.851426
200341,GS1CXL GSI C 12/99,DERIVATIVES,Sell,S,2005-01-14 12:05:12,10,0.42,DE000GS1CXL4,Euwax,EUR,4.2,Trading,CHF_EUR,1,1.31115
200341,GS1CXL GSI C 12/99,DERIVATIVES,Buy,B,2005-01-14 12:13:15,100,0.43,DE000GS1CXL4,Euwax,EUR,43,Trading,CHF_EUR,1,1.31125
200341,A0CPUW CB C 12/05,DERIVATIVES,Buy,B,2005-01-14 12:20:55,10,26.23,DE000A0CPUW4,Euwax,EUR,262.3,Trading,CHF_EUR,1,1.31145
200341,VESTAS WIND SYSTEMS ORD,SHARE,Sell,S,2005-01-26 14:47:11,13,67.75,DK0010268606,Copenhague,DKK,880.75,Trading,CHF_DKK,0.13434999,5.709392
200341,GS1CXL GSI C 12/99,DERIVATIVES,Sell,S,2005-01-26 17:14:44,100,0.16,DE000GS1CXL4,Euwax,EUR,16,Trading,CHF_EUR,1,1.30665
200341,SDAXF VON C 03/05/Z,DERIVATIVES,Buy,B,2005-02-03 12:50:32,100,1.58,CH00194421664,SIX Swiss Exchange,CHF,158,Trading,CHF_CHF,0.642529,0.83675
200341,SDAXF VON C 03/05/Z,DERIVATIVES,Sell,S,2005-02-03 12:52:00,100,1.57,CH00194421664,SIX Swiss Exchange,CHF,157,Trading,CHF_CHF,0.642529,0.83675
200341,CLARIANT N,SHARE,Sell,S,2005-02-03 15:49:37,15,19.2,CH00121426311,SIX Swiss Exchange (SIX-Europe),CHF,288,Trading,CHF_CHF,0.641828,0.831463
200341,AIRESIS N,SHARE,Sell,S,2005-02-03 15:51:19,10,1.45,CH00109476274,SIX Swiss Exchange,CHF,14.5,Trading,CHF_CHF,0.641828,0.831324
200341,UBS N,SHARE,Buy,B,2005-02-03 15:57:33,10,98.05,CH00120320301,SIX Swiss Exchange (SIX-Europe),CHF,980.5,Trading,CHF_CHF,0.641622,0.831048
200341,671310 DB C 10/07,DERIVATIVES,Buy,B,2005-02-04 15:40:05,1,113,DE0006713100,Euwax,EUR,113,Trading,CHF_EUR,1,1.29545
200341,671310 DB C 10/07,DERIVATIVES,Buy,B,2005-02-04 16:20:02,1,113,DE0006713100,Euwax,EUR,113,Trading,CHF_EUR,1,1.29635
200341,671310 DB C 10/07,DERIVATIVES,Sell,S,2005-02-04 17:47:01,1,114,DE0006713100,Euwax,EUR,114,Trading,CHF_EUR,1,1.29275
200341,671310 DB C 10/07,DERIVATIVES,Sell,S,2005-02-10 10:20:00,1,115.67,DE0006713100,Euwax,EUR,115.67,Trading,CHF_EUR,1,1.28005
200341,671310 DB C 10/07,DERIVATIVES,Buy,B,2005-02-10 11:22:01,1,116.67,DE0006713100,Euwax,EUR,116.67,Trading,CHF_EUR,1,1.27895
200341,671310 DB C 10/07,DERIVATIVES,Sell,S,2005-02-10 11:23:05,1,115.67,DE0006713100,Euwax,EUR,115.67,Trading,CHF_EUR,1,1.27885
200341,,OTHER,Cash_in,I,2005-02-16 02:13:29,1,770,,,CHF,770,Income,CHF_CHF,0.64564,0.839877
200341,,OTHER,Cash_out,O,2005-02-16 02:13:29,1,497,,,EUR,497,Payment,CHF_EUR,1,1.30075
200341,DB0D7V DB C 06/05,DERIVATIVES,Buy,B,2005-02-24 14:32:00,100,0.37,DE000DB0D7V4,Euwax,EUR,37,Trading,CHF_EUR,1,1.32535
200341,DB0D7V DB C 06/05,DERIVATIVES,Buy,B,2005-02-28 16:03:03,100,0.54,DE000DB0D7V4,Euwax,EUR,54,Trading,CHF_EUR,1,1.32425
200341,DB0D7V DB C 06/05,DERIVATIVES,Sell,S,2005-02-28 16:04:01,100,0.53,DE000DB0D7V4,Euwax,EUR,53,Trading,CHF_EUR,1,1.32425
200341,DB0D7V DB C 06/05,DERIVATIVES,Sell,S,2005-02-28 17:49:03,100,0.52,DE000DB0D7V4,Euwax,EUR,52,Trading,CHF_EUR,1,1.32655
200341,DB0D49 DB C 12/05,DERIVATIVES,Buy,B,2005-05-19 14:29:05,100,0.21,DE000DB0D496,Euwax,EUR,21,Trading,CHF_EUR,1,1.26375
200341,DAY N,SHARE,Sell,S,2005-06-27 11:35:45,2,21.7,CH00104742184,SIX Swiss Exchange,CHF,43.4,Trading,CHF_CHF,0.648466,0.788208
200341,DB0D49 DB C 12/05,DERIVATIVES,Sell,S,2005-06-27 11:38:08,100,0.3,DE000DB0D496,Euwax,EUR,30,Trading,CHF_EUR,1,1.2153
200341,LUFTHANSA AG VNA O.N.,SHARE,Sell,S,2005-06-27 11:40:43,1,9.99,DE0008232125,Xetra,EUR,9.99,Trading,CHF_EUR,1,1.2157
200341,ALSTOM,SHARE,Buy,B,2005-06-27 11:45:20,10,0.81,FR0000120198,Euronext Paris,EUR,8.1,Trading,CHF_EUR,1,1.2159
200341,ALSTOM,SHARE,Sell,S,2005-06-27 11:45:52,1,0.8,FR0000120198,Euronext Paris,EUR,0.8,Trading,CHF_EUR,1,1.216
200341,VISUALMED SOLUTIONS,SHARE,Buy,B,2005-07-13 14:45:26,20,2.23,US92844G1013,Frankfurt,EUR,44.6,Trading,CHF_EUR,1,1.21555
200341,COMMERZBANK ORD,SHARE,Buy,B,2005-07-14 07:07:34,10,18.5,DE0008032004,Germany,EUR,185,Trading,CHF_EUR,1,1.2078
200341,COMMERZBANK ORD,SHARE,Sell,S,2005-07-14 07:12:23,10,18.5,DE0008032004,Germany,EUR,185,Trading,CHF_EUR,1,1.2077
200341,DEUTSCHE TELEKOM N ORD,SHARE,Buy,B,2005-07-14 07:18:14,6,15.71,DE0005557508,Germany,EUR,94.26,Trading,CHF_EUR,1,1.2081
200341,DEUTSCHE TELEKOM N ORD,SHARE,Buy,B,2005-07-14 07:17:26,20,15.7,DE0005557508,Germany,EUR,314,Trading,CHF_EUR,1,1.208
200341,DEUTSCHE TELEKOM N ORD,SHARE,Sell,S,2005-07-14 07:24:28,26,15.71,DE0005557508,Germany,EUR,408.46,Trading,CHF_EUR,1,1.2074
200341,ALSTOM,SHARE,Sell,S,2005-07-14 07:28:24,9,0.84,FR0000120198,Euronext Paris,EUR,7.56,Trading,CHF_EUR,1,1.2075
200341,BAYER,SHARE,Sell,S,2005-07-14 08:26:12,2,28.15,DE0005752000,Germany,EUR,56.3,Trading,CHF_EUR,1,1.2092
200341,BAYER,SHARE,Buy,B,2005-07-14 08:29:08,10,28.17,DE0005752000,Germany,EUR,281.7,Trading,CHF_EUR,1,1.2091
200341,BAYER,SHARE,Sell,S,2005-07-14 08:40:52,10,28.19,DE0005752000,Germany,EUR,281.9,Trading,CHF_EUR,1,1.2088
200341,,OTHER,Cash_in,I,2005-07-15 02:34:56,1,0.94,,,CHF,0.94,Income,CHF_CHF,0.641581,0.776639
200341,,OTHER,Cash_out,O,2005-07-15 02:34:56,1,0.72,,,USD,0.72,Payment,CHF_USD,0.826139,1
200341,,OTHER,Cash_in,I,2005-07-15 02:34:56,1,0.75,,,EUR,0.75,Income,CHF_EUR,1,1.21045
200341,DB0FVG DB P 09/05,DERIVATIVES,Buy,B,2005-07-15 18:19:04,100,0.12,DE000DB0FVG5,Germany,EUR,12,Trading,CHF_EUR,1,1.20465
200341,DB0FVG DB P 09/05,DERIVATIVES,Sell,S,2005-07-15 18:21:00,100,0.11,DE000DB0FVG5,Germany,EUR,11,Trading,CHF_EUR,1,1.20465
200341,ABB LTD N,SHARE,Buy,B,2005-07-18 10:59:24,1,8.53,CH00122217161,SIX Swiss Exchange (SIX-Europe),CHF,8.53,Trading,CHF_CHF,0.640943,0.773814
200341,LEICA GEOSYSTEMS N,SHARE,Buy,B,2005-07-19 16:23:25,1,461,CH00108704804,SIX Swiss Exchange,CHF,461,Trading,CHF_CHF,0.639509,0.766577
200341,LEICA GEOSYSTEMS N,SHARE,Sell,S,2005-07-19 16:41:54,1,460,CH00108704804,SIX Swiss Exchange,CHF,460,Trading,CHF_CHF,0.639243,0.767048
200341,DB7331 DB C 09/05,DERIVATIVES,Buy,B,2005-09-01 19:41:03,1000,0.07,DE000DB73311,Germany,EUR,70,Trading,CHF_EUR,1,1.24645
200341,DB7331 DB C 09/05,DERIVATIVES,Sell,S,2005-09-08 18:18:05,1000,0.1,DE000DB73311,Germany,EUR,100,Trading,CHF_EUR,1,1.23975
200341,CG05NV CB C 11/05,DERIVATIVES,Buy,B,2005-09-08 18:22:02,100,1.89,DE000CG05NV6,Germany,EUR,189,Trading,CHF_EUR,1,1.23975
200341,ROGOR VON C 10/05,DERIVATIVES,Buy,B,2005-09-08 19:12:19,100,0.1,CH00224828784,SIX Swiss Exchange,CHF,10,Trading,CHF_CHF,0.647941,0.802439
200341,CG05NV CB C 11/05,DERIVATIVES,Sell,S,2005-09-13 10:35:02,100,1.65,DE000CG05NV6,Germany,EUR,165,Trading,CHF_EUR,1,1.2292
200341,ROGOR VON C 10/05,DERIVATIVES,Sell,S,2005-09-15 18:32:21,100,0.06,CH00224828784,SIX Swiss Exchange,CHF,6,Trading,CHF_CHF,0.646141,0.789952
200341,ABB LTD N,SHARE,Sell,S,2005-09-15 19:25:03,100,9.31,CH00122217161,SIX Swiss Exchange (SIX-Europe),CHF,931,Trading,CHF_CHF,0.645807,0.788955
200341,UBS N,SHARE,Sell,S,2005-10-03 14:33:08,10,111.5,CH00120320301,SIX Swiss Exchange (SIX-Europe),CHF,1115,Trading,CHF_CHF,0.643542,0.767872
200341,UBS N,SHARE,Buy,B,2005-10-04 15:14:15,10,112.7,CH00120320301,SIX Swiss Exchange (SIX-Europe),CHF,1127,Trading,CHF_CHF,0.644247,0.76858
200341,ABB LTD N,SHARE,Buy,B,2005-10-06 20:07:03,124,9.61,CH00122217161,SIX Swiss Exchange (SIX-Europe),CHF,1191.64,Trading,CHF_CHF,0.646141,0.787092
200341,INTERNATIONAL BUSINESS MACHINE,SHARE,Sell,S,2005-10-10 17:55:52,3,81.91,US4592001014,New York Stock Exchange (NYSE),USD,245.73,Trading,CHF_USD,0.829703,1
200341,DB4367 DB C 10/05,DERIVATIVES,Buy,B,2005-10-10 17:58:00,100,0.23,DE000DB43678,Germany,EUR,23,Trading,CHF_EUR,1,1.20535
200341,INTERNATIONAL BUSINESS MACHINE,SHARE,Buy,B,2005-10-11 17:37:41,2,82.9,US4592001014,New York Stock Exchange (NYSE),USD,165.8,Trading,CHF_USD,0.832639,1
200341,ABB LTD N,SHARE,Sell,S,2005-10-11 18:23:03,100,9.48,CH00122217161,SIX Swiss Exchange (SIX-Europe),CHF,948,Trading,CHF_CHF,0.649371295,0.775916
200341,UBS N,SHARE,Sell,S,2005-10-13 15:09:44,5,108.3,CH00120320301,SIX Swiss Exchange (SIX-Europe),CHF,541.5,Trading,CHF_CHF,0.644766,0.77006
200341,SOPRA STERIA GROUP ORD,SHARE,Buy,B,2005-10-13 15:10:48,5,65.35,FR0000050809,Euronext Paris,EUR,326.75,Trading,CHF_EUR,1,1.1942
200341,DB4367 DB C 10/05,DERIVATIVES,Sell,S,2005-10-28 09:02:05,100,0.001,DE000DB43678,Germany,EUR,0.1,Trading,CHF_EUR,1,1.2148
200341,DB6501 DB C 12/05,DERIVATIVES,Buy,B,2005-11-01 08:36:00,100,1.84,DE000DB65010,Germany,EUR,184,Trading,CHF_EUR,1,1.19845
200341,DB6501 DB C 12/05,DERIVATIVES,Sell,S,2005-11-02 19:20:02,100,2.39,DE000DB65010,Germany,EUR,239,Trading,CHF_EUR,1,1.20645
200341,HOLUF VON C 12/05,DERIVATIVES,Buy,B,2005-11-11 08:27:39,100,0.36,CH00224559084,SIX Swiss Exchange,CHF,36,Trading,CHF_CHF,0.650682,0.761615
200341,HOLUF VON C 12/05,DERIVATIVES,Sell,S,2005-11-11 08:29:43,100,0.34,CH00224559084,SIX Swiss Exchange,CHF,34,Trading,CHF_CHF,0.650682,0.761557
200341,CLNML ML C 03/06,DERIVATIVES,Buy,B,2005-11-11 09:20:18,500,0.09,CH00223201104,SIX Swiss Exchange,CHF,45,Trading,CHF_CHF,0.650639,0.761557
200341,CLNML ML C 03/06,DERIVATIVES,Sell,S,2005-11-11 09:21:59,500,0.08,CH00223201104,SIX Swiss Exchange,CHF,40,Trading,CHF_CHF,0.650682,0.761615
200341,AAPLP VON P 12/05,DERIVATIVES,Buy,B,2005-11-16 08:45:14,100,0.02,CH00206067004,SIX Swiss Exchange,CHF,2,Trading,CHF_CHF,0.647522,0.758553
200341,KUDVO VON C 12/05,DERIVATIVES,Buy,B,2005-11-16 08:51:10,1000,0.21,CH00198949034,SIX Swiss Exchange,CHF,210,Trading,CHF_CHF,0.647396,0.758323
200341,SSMIS VON P 03/06 /Z,DERIVATIVES,Buy,B,2005-11-18 18:15:30,1000,0.17,CH00233003924,SIX Swiss Exchange,CHF,170,Trading,CHF_CHF,0.645849,0.758956
200341,SSMIS VON P 03/06 /Z,DERIVATIVES,Sell,S,2005-11-18 18:23:07,1000,0.15,CH00233003924,SIX Swiss Exchange,CHF,150,Trading,CHF_CHF,0.64587,0.758956
200341,VISUALMED,SHARE,Sell,S,2005-12-02 12:26:25,20,1.82,US92844G1013,Germany,EUR,36.4,Trading,CHF_EUR,1,1.1705
200341,A0CPUW CB C 12/05,DERIVATIVES,Sell,S,2005-12-02 12:29:46,10,27.97,DE000A0CPUW4,Germany,EUR,279.7,Trading,CHF_EUR,1,1.1706
200341,CS GROUP N,SHARE,Buy,B,2005-12-02 13:55:59,4,66.65,CH00121385301,SIX Swiss Exchange (SIX-Europe),CHF,266.6,Trading,CHF_CHF,0.64771,0.758064
200341,CS GROUP N,SHARE,Sell,S,2005-12-02 13:59:07,4,66.6,CH00121385301,SIX Swiss Exchange (SIX-Europe),CHF,266.4,Trading,CHF_CHF,0.64771,0.758409
200341,CS GROUP N,SHARE,Buy,B,2005-12-02 16:26:51,10,66.65,CH00121385301,SIX Swiss Exchange (SIX-Europe),CHF,666.5,Trading,CHF_CHF,0.647836,0.756974
200341,,OTHER,Cash_in,I,2005-12-08 03:25:24,1,0.00375,,,EUR,0.00375,Income,CHF_EUR,1,1.17115
200341,3S SWISS SOLAR SYST,SHARE,Buy,B,2005-12-09 15:19:16,10,6,CH00226788226,Bern,CHF,60,Trading,CHF_CHF,0.649751,0.76643
200341,,OTHER,Cash_out,O,2005-12-19 15:43:15,1,300,,,CHF,300,Payment,CHF_CHF,0.644641,0.772768
200341,CZ0244 COM C 12/06,DERIVATIVES,Buy,B,2006-01-03 10:46:00,10,18.75,DE000CZ02444,Germany,EUR,187.5,Trading,CHF_EUR,1,1.1874
200341,CZ0244 COM C 12/06,DERIVATIVES,Sell,S,2006-01-03 11:42:01,10,18.68,DE000CZ02444,Germany,EUR,186.8,Trading,CHF_EUR,1,1.1888
200341,CZ0244 COM C 12/06,DERIVATIVES,Buy,B,2006-01-03 11:46:04,10,18.79,DE000CZ02444,Germany,EUR,187.9,Trading,CHF_EUR,1,1.1888
200341,CZ0244 COM C 12/06,DERIVATIVES,Sell,S,2006-01-03 11:47:02,10,18.69,DE000CZ02444,Germany,EUR,186.9,Trading,CHF_EUR,1,1.1887
200341,CZ0244 COM C 12/06,DERIVATIVES,Sell,S,2006-01-13 08:05:16,10,19.06,DE000CZ02444,Germany,EUR,190.6,Trading,CHF_EUR,1,1.2058
200341,CG06XM CB P 12/06,DERIVATIVES,Buy,B,2006-01-13 08:15:07,100,1.96,DE000CG06XM2,Germany,EUR,196,Trading,CHF_EUR,1,1.2057
200341,CG06XM CB P 12/06,DERIVATIVES,Sell,S,2006-01-13 09:54:45,100,1.99,DE000CG06XM2,Germany,EUR,199,Trading,CHF_EUR,1,1.2064
200341,MICROSOFT ORD,SHARE,Buy,B,2006-01-20 17:21:36,5,26.89,US5949181045,NASDAQ New York,USD,134.45,Trading,CHF_USD,0.826651,1
200341,MICROSOFT ORD,SHARE,Buy,B,2006-01-20 17:23:03,5,26.89,US5949181045,NASDAQ New York,USD,134.45,Trading,CHF_USD,0.826788,1
200341,MICROSOFT ORD,SHARE,Sell,S,2006-01-20 17:26:16,10,26.89,US5949181045,NASDAQ New York,USD,268.9,Trading,CHF_USD,0.826856,1
200341,MICROSOFT ORD,SHARE,Buy,B,2006-01-25 17:30:19,10,26.55,US5949181045,NASDAQ New York,USD,265.5,Trading,CHF_USD,0.815328,1
200341,,OTHER,Cash_out,O,2006-01-28 03:24:53,1,99,,,EUR,99,Payment,CHF_EUR,1,1.20915
200341,,OTHER,Cash_in,I,2006-02-10 03:26:53,1,99,,,EUR,99,Income,CHF_EUR,1,1.19795
200341,773670 GSI C 12/99,DERIVATIVES,Buy,B,2006-02-23 18:43:05,5,41.8,DE0007736704,Germany,EUR,209,Trading,CHF_EUR,1,1.19295
200341,773670 GSI C 12/99,DERIVATIVES,Sell,S,2006-02-23 18:43:59,5,41.75,DE0007736704,Germany,EUR,208.75,Trading,CHF_EUR,1,1.19285
200341,CZ0244 COM C 12/06,DERIVATIVES,Buy,B,2006-02-24 17:25:31,10,20.44,DE000CZ02444,Germany,EUR,204.4,Trading,CHF_EUR,1,1.1873
200341,ABB LTD N,SHARE,Sell,S,2006-03-10 17:17:37,10,15.45,CH00122217161,SIX Swiss Exchange (SIX-Europe),CHF,154.5,Trading,CHF_CHF,0.637572,0.758006
200341,PORSCHE AUT HLDG,SHARE,Sell,S,2006-03-15 14:38:01,2,725,DE0006937733,Germany,EUR,1450,Trading,CHF_EUR,1,1.2014
200341,963190 TB C 12/06,DERIVATIVES,Buy,B,2006-03-22 11:47:00,10,27.79,DE0009631903,Germany,EUR,277.9,Trading,CHF_EUR,1,1.207
200341,963190 TB C 12/06,DERIVATIVES,Sell,S,2006-03-22 16:17:04,10,27.83,DE0009631903,Germany,EUR,278.3,Trading,CHF_EUR,1,1.21
200341,CZ2726 COM P 12/99,DERIVATIVES,Buy,B,2006-03-27 10:07:06,10,1.64,DE000CZ27268,Germany,EUR,16.4,Trading,CHF_EUR,1,1.204
200341,CZ2726 COM P 12/99,DERIVATIVES,Sell,S,2006-03-27 10:07:59,10,1.55,DE000CZ27268,Germany,EUR,15.5,Trading,CHF_EUR,1,1.204
200341,YAHOO! ORD,SHARE,Sell,S,2006-04-18 16:57:02,1,30.65,US9843321061,NASDAQ New York,USD,30.65,Trading,CHF_USD,0.814332,1
200341,ABB LTD N,SHARE,Sell,S,2006-04-18 17:00:01,10,16.5,CH00122217161,SIX Swiss Exchange (SIX-Europe),CHF,165,Trading,CHF_CHF,0.638733,0.784529
200341,CM0978 COM C 05/06,DERIVATIVES,Buy,B,2006-04-27 14:32:17,100,3.07,DE000CM09785,Germany,EUR,307,Trading,CHF_EUR,1,1.24185
200341,CM0978 COM C 05/06,DERIVATIVES,Sell,S,2006-04-27 14:32:52,100,3.05,DE000CM09785,Germany,EUR,305,Trading,CHF_EUR,1,1.2419
200341,CZ4394 COM C 12/06,DERIVATIVES,Buy,B,2006-04-28 10:26:04,10,5.09,DE000CZ43943,Germany,EUR,50.9,Trading,CHF_EUR,1,1.2546
200341,DB626D DB P 05/06,DERIVATIVES,Buy,B,2006-04-28 10:31:28,100,0.95,DE000DB626D1,Germany,EUR,95,Trading,CHF_EUR,1,1.2554
200341,PORSCHE AUT HLDG,SHARE,Buy,B,2006-04-28 12:08:00,1,791.89,DE0006937733,Germany,EUR,791.89,Trading,CHF_EUR,1,1.2546
200341,CG15EC CB C 03/09,DERIVATIVES,Buy,B,2006-05-09 18:13:13,11,0.73,DE000CG15EC4,Germany,EUR,8.03,Trading,CHF_EUR,1,1.27465
200341,CG15EC CB C 03/09,DERIVATIVES,Sell,S,2006-05-09 18:14:15,17,0.72,DE000CG15EC4,Germany,EUR,12.24,Trading,CHF_EUR,1,1.27475
200341,,OTHER,Cash_in,I,2006-05-11 05:27:45,1,15,,,CHF,15,Income,CHF_CHF,0.641704,0.81686
200341,,OTHER,Cash_out,O,2006-05-11 05:27:45,1,15.75,,,AUD,15.75,Payment,CHF_AUD,0.606024,0.77145
200341,DB626D DB P 05/06-20060517,DERIVATIVES,Sell,S,2006-06-16 17:11:44,100,2.06,DE000DB626D1,Germany,EUR,206,Trading,CHF_EUR,1,1.2595
200341,DB3130 DB C 12/08,DERIVATIVES,Buy,B,2006-06-29 17:54:57,10,8.68,DE000DB31301,Germany,EUR,86.8,Trading,CHF_EUR,1,1.253
200341,DB3130 DB C 12/08,DERIVATIVES,Sell,S,2006-06-29 17:56:23,10,8.66,DE000DB31301,Germany,EUR,86.6,Trading,CHF_EUR,1,1.2531
200341,BRITISH AIRWAYS,SHARE,Buy,B,2006-07-03 12:21:21,10,3.4725,GB0001290575,London SETS,GBP,34.725,Trading,CHF_GBP,1.443418,1.843148
200341,BRITISH AIRWAYS,SHARE,Sell,S,2006-07-03 13:43:47,5,3.49,GB0001290575,London SETS,GBP,17.45,Trading,CHF_GBP,1.441338,1.844168
200341,BRITISH AIRWAYS,SHARE,Buy,B,2006-07-03 15:20:43,20,3.485,GB0001290575,London SETS,GBP,69.7,Trading,CHF_GBP,1.441753,1.843828
200341,GS0NA6 GSI C 07/06,DERIVATIVES,Buy,B,2006-07-03 15:36:25,100,0.59,DE000GS0NA64,Germany,EUR,59,Trading,CHF_EUR,1,1.2787
200341,GS0NA6 GSI C 07/06,DERIVATIVES,Sell,S,2006-07-03 15:40:43,100,0.6,DE000GS0NA64,Germany,EUR,60,Trading,CHF_EUR,1,1.2783
200341,PORSCHE AUT HLDG,SHARE,Sell,S,2006-07-04 11:03:03,1,760,DE0006937733,Germany,EUR,760,Trading,CHF_EUR,1,1.2814
200341,BRITISH AIRWAYS,SHARE,Buy,B,2006-07-07 09:00:28,3,3.48,GB0001290575,London SETS,GBP,10.44,Trading,CHF_GBP,1.437608,1.836716
200341,BRITISH AIRWAYS,SHARE,Sell,S,2006-07-07 09:50:25,13,3.505,GB0001290575,London SETS,GBP,45.565,Trading,CHF_GBP,1.438642,1.837729
200341,,OTHER,Cash_in,I,2006-07-13 05:29:45,1,3,,,CHF,3,Income,CHF_CHF,0.63802,0.810833
200341,DB930F DB C 06/07,DERIVATIVES,Buy,B,2006-07-13 09:16:12,2,13.43,DE000DB930F2,Germany,EUR,26.86,Trading,CHF_EUR,1,1.2726
200341,DB930F DB C 06/07,DERIVATIVES,Buy,B,2006-07-13 09:31:15,2,13.34,DE000DB930F2,Germany,EUR,26.68,Trading,CHF_EUR,1,1.2724
200341,NOVARTIS N,SHARE,Sell,S,2006-07-25 15:43:11,13,69.1,CH00120052671,SIX Swiss Exchange (SIX-Europe),CHF,898.3,Trading,CHF_CHF,0.635102,0.803439
200341,UBS N,SHARE,Sell,S,2006-07-25 15:43:32,6,64.65,CH00248994831,SIX Swiss Exchange (SIX-Europe),CHF,387.9,Trading,CHF_CHF,0.635142,0.803503
200341,UBS N,SHARE,Sell,S,2006-07-25 15:43:32,4,64.65,CH00248994831,SIX Swiss Exchange (SIX-Europe),CHF,258.6,Trading,CHF_CHF,0.635142,0.803503
200341,DAY N,SHARE,Sell,S,2006-07-25 15:44:04,6,26.55,CH00104742184,SIX Swiss Exchange,CHF,159.3,Trading,CHF_CHF,0.635142,0.803503
200341,CS GROUP N,SHARE,Sell,S,2006-07-25 15:45:20,10,66.15,CH00121385301,SIX Swiss Exchange (SIX-Europe),CHF,661.5,Trading,CHF_CHF,0.635102,0.803439
200341,CZ4394 COM C 12/06,DERIVATIVES,Sell,S,2006-07-25 15:46:02,10,4.78,DE000CZ43943,Germany,EUR,47.8,Trading,CHF_EUR,1,1.265
200341,DB930F DB C 06/07,DERIVATIVES,Sell,S,2006-07-25 15:46:24,4,12.83,DE000DB930F2,Germany,EUR,51.32,Trading,CHF_EUR,1,1.265
200341,INTERNATIONAL BUSINESS MACHINE,SHARE,Sell,S,2006-07-25 15:47:25,2,76.04,US4592001014,New York Stock Exchange (NYSE),USD,152.08,Trading,CHF_USD,0.790639,1
200341,KUDELSKI I,SHARE,Sell,S,2006-07-25 15:48:10,20,26.7,CH00122683601,SIX Swiss Exchange (SIX-Europe),CHF,534,Trading,CHF_CHF,0.635102,0.803374
200341,3S SWISS SOLAR SYST,SHARE,Sell,S,2006-07-26 10:53:11,10,4.7,CH00226788226,Bern,CHF,47,Trading,CHF_CHF,0.63478,0.798945
200341,SOPRA STERIA GROUP ORD,SHARE,Sell,S,2006-07-27 14:04:13,5,54.55,FR0000050809,Euronext Paris,EUR,272.75,Trading,CHF_EUR,1,1.274
200341,BRITISH AIRWAYS,SHARE,Sell,S,2006-07-27 14:04:45,15,3.8425,GB0001290575,London SETS,GBP,57.6375,Trading,CHF_GBP,1.461561,1.862024
200341,SMISB VON C 09/06,DERIVATIVES,Buy,B,2006-07-27 16:40:17,500,0.85,CH00233375014,SIX Swiss Exchange,CHF,425,Trading,CHF_CHF,0.63591,0.810077
200341,LODH Korea & ASEAN P D,FUNDS,Sell,S,2006-07-28 16:35:45,2,94.52,CH0004798440,Investment Funds,CHF,189.04,Trading,CHF_CHF,0.636294,0.811524
200341,SMISB VON C 09/06,DERIVATIVES,Sell,S,2006-07-28 16:37:49,500,0.94,CH00233375014,SIX Swiss Exchange,CHF,470,Trading,CHF_CHF,0.636294,0.811524
200341,CG15EC CB C 03/09,DERIVATIVES,Buy,B,2006-08-02 16:35:55,50,0.61,DE000CG15EC4,Germany,EUR,30.5,Trading,CHF_EUR,1,1.2812
200341,ESSAI-NAME,DERIVATIVES,Sell,S,2006-08-02 16:36:14,50,0.6,DE000CG15EC4,Germany,EUR,30,Trading,CHF_EUR,1,1.2811
200341,Bank Hofmann Swiss Stocks,FUNDS,Sell,S,2006-08-03 10:57:41,4,132.78,CH0003545701,Investment Funds,CHF,531.12,Trading,CHF_CHF,0.635102,0.810537
200341,,OTHER,Cash_out,O,2006-09-02 05:31:18,1,5,,,CHF,5,Payment,CHF_CHF,0.633252,0.812744
200341,,OTHER,Cash_out,O,2006-09-02 05:31:18,1,13.49,,,USD,13.49,Payment,CHF_USD,0.779211,1
200341,,OTHER,Cash_out,O,2006-09-02 05:31:18,1,5.85,,,EUR,5.85,Payment,CHF_EUR,1,1.28335
200341,ABB LTD N,SHARE,Buy,B,2006-09-12 17:08:18,244,16.65,CH00122217161,SIX Swiss Exchange (SIX-Europe),CHF,4062.6,Trading,CHF_CHF,0.631433,0.801378
200341,KUDELSKI I,SHARE,Buy,B,2006-10-03 11:11:02,1,36.05,CH00122683601,SIX Swiss Exchange (SIX-Europe),CHF,36.05,Trading,CHF_CHF,0.631114,0.804343
200341,KUDELSKI I,SHARE,Sell,S,2006-10-03 11:12:15,1,36,CH00122683601,SIX Swiss Exchange (SIX-Europe),CHF,36,Trading,CHF_CHF,0.631194,0.804538
200341,ABB LTD N,SHARE,Sell,S,2006-10-03 14:06:17,1,16.3,CH00122217161,SIX Swiss Exchange (SIX-Europe),CHF,16.3,Trading,CHF_CHF,0.631014,0.803697
200341,INTERACTIVE INTELLIGENCE ORD,SHARE,Buy,B,2006-10-09 17:52:05,10,15.2,US45839M1036,NASDAQ New York,USD,152,Trading,CHF_USD,0.794029,1
200341,INTERACTIVE INTELLIGENCE ORD,SHARE,Sell,S,2006-10-13 15:33:27,10,16.1,US45839M1036,NASDAQ New York,USD,161,Trading,CHF_USD,0.798594,1
200341,ABB LTD N,SHARE,Buy,B,2006-10-18 15:15:07,1,17.65,CH00122217161,SIX Swiss Exchange (SIX-Europe),CHF,17.65,Trading,CHF_CHF,0.628437,0.786937
200341,CG15EC CB C 03/09,DERIVATIVES,Buy,B,2006-10-23 14:02:03,100,0.65,DE000CG15EC4,Germany,EUR,65,Trading,CHF_EUR,1,1.2558
200341,CG15EC CB C 03/09,DERIVATIVES,Sell,S,2006-10-23 14:02:25,100,0.64,DE000CG15EC4,Germany,EUR,64,Trading,CHF_EUR,1,1.2557
200341,ABBA VON C 12/06,DERIVATIVES,Buy,B,2006-10-30 17:54:51,100,0.57,CH00243398864,SIX Swiss Exchange,CHF,57,Trading,CHF_CHF,0.629683,0.800608
200341,ABBA VON C 12/06,DERIVATIVES,Sell,S,2006-10-30 18:04:35,100,0.53,CH00243398864,SIX Swiss Exchange,CHF,53,Trading,CHF_CHF,0.629624,0.800769
200341,ZURMI VON C 11/06,DERIVATIVES,Buy,B,2006-11-09 17:59:23,1000,0.28,CH00267262704,SIX Swiss Exchange,CHF,280,Trading,CHF_CHF,0.627353,0.805315
200341,ZURMI VON C 11/06,DERIVATIVES,Sell,S,2006-11-17 09:53:31,1000,0.35,CH00267262704,SIX Swiss Exchange,CHF,350,Trading,CHF_CHF,0.625861,0.800352
200341,TB0KE1 HSBC Trinkaus&Burkardt AG C 12/06,DERIVATIVES,Buy,B,2006-11-29 15:19:05,100,2.04,DE000TB0KE13,Germany,EUR,204,Trading,CHF_EUR,1,1.31625
200341,TB0KE1 HSBC Trinkaus&Burkardt AG C 12/06,DERIVATIVES,Sell,S,2006-11-29 15:19:49,100,2,DE000TB0KE13,Germany,EUR,200,Trading,CHF_EUR,1,1.31615
200341,ABB LTD N,SHARE,Sell,S,2006-11-30 17:14:36,8,19.4,CH00122217161,SIX Swiss Exchange (SIX-Europe),CHF,155.2,Trading,CHF_CHF,0.629763,0.835178
200341,SAP ORD,SHARE,Buy,B,2006-12-01 10:37:46,1,157.97,DE0007164600,Germany,EUR,157.97,Trading,CHF_EUR,1,1.3238
200341,DB405E DB C 12/07,DERIVATIVES,Buy,B,2006-12-15 14:53:08,500,0.13,DE000DB405E8,Germany,EUR,65,Trading,CHF_EUR,1,1.3171
200341,DB405E DB C 12/07,DERIVATIVES,Sell,S,2006-12-15 14:53:48,500,0.12,DE000DB405E8,Germany,EUR,60,Trading,CHF_EUR,1,1.3171
200341,CG20YA CB C 03/07,DERIVATIVES,Buy,B,2006-12-19 18:14:13,1,14.99,DE000CG20YA6,Germany,EUR,14.99,Trading,CHF_EUR,1,1.31895
200341,CG20YA CB C 03/07,DERIVATIVES,Sell,S,2006-12-19 18:17:19,1,14.97,DE000CG20YA6,Germany,EUR,14.97,Trading,CHF_EUR,1,1.3191
200341,,OTHER,Cash_in,I,2006-12-29 14:23:59,1,300,,,CHF,300,Income,CHF_CHF,0.622374,0.820008
200341,CITRON I,SHARE,Buy,B,2007-01-23 10:59:54,1,360,CH00062422726,Bern,CHF,360,Trading,CHF_CHF,0.617932,0.802343
200341,CITRON I,SHARE,Sell,S,2007-01-23 11:03:01,1,355,CH00062422726,Bern,CHF,355,Trading,CHF_CHF,0.618047,0.803245
200341,CG15EC CB C 03/09,DERIVATIVES,Buy,B,2007-01-31 09:48:29,100,0.69,DE000CG15EC4,Germany,EUR,69,Trading,CHF_EUR,1,1.2937
200341,CG15EC CB C 03/09,DERIVATIVES,Sell,S,2007-01-31 09:48:51,100,0.68,DE000CG15EC4,Germany,EUR,68,Trading,CHF_EUR,1,1.2938
200341,ABB LTD N,SHARE,Sell,S,2007-01-31 14:28:37,10,21.95,CH00122217161,SIX Swiss Exchange (SIX-Europe),CHF,219.5,Trading,CHF_CHF,0.616485,0.799009
200341,DR7YHR DRB C 06/07,DERIVATIVES,Buy,B,2007-01-31 14:39:15,100,0.39,DE000DR7YHR9,Germany,EUR,39,Trading,CHF_EUR,1,1.2945
200341,DR7YHR DRB C 06/07,DERIVATIVES,Sell,S,2007-01-31 14:41:03,100,0.38,DE000DR7YHR9,Germany,EUR,38,Trading,CHF_EUR,1,1.2944
200341,ABBF VON C 06/07,DERIVATIVES,Buy,B,2007-02-13 19:30:06,1000,0.11,CH00254694354,SIX Swiss Exchange,CHF,110,Trading,CHF_CHF,0.614912,0.800961
200341,ABBF VON C 06/07,DERIVATIVES,Sell,S,2007-02-15 09:33:38,1000,0.08,CH00254694354,SIX Swiss Exchange,CHF,80,Trading,CHF_CHF,0.615404,0.808505
200341,CG11WP CB C 12/07,DERIVATIVES,Buy,B,2007-02-22 19:15:52,500,0.75,DE000CG11WP7,Germany,EUR,375,Trading,CHF_EUR,1,1.3128
200341,CG11WP CB C 12/07,DERIVATIVES,Sell,S,2007-02-22 19:16:09,500,0.73,DE000CG11WP7,Germany,EUR,365,Trading,CHF_EUR,1,1.3129
200341,DAXVO VON P 06/07,DERIVATIVES,Buy,B,2007-02-22 19:16:55,1000,0.7,CH00286172874,SIX Swiss Exchange,CHF,700,Trading,CHF_CHF,0.615025,0.807559
200341,DAXVO VON P 06/07,DERIVATIVES,Sell,S,2007-02-22 19:17:09,1000,0.69,CH00286172874,SIX Swiss Exchange,CHF,690,Trading,CHF_CHF,0.615025,0.807559
200341,DB188W DB C 04/07,DERIVATIVES,Buy,B,2007-02-22 19:18:10,1000,0.27,DE000DB188W2,Germany,EUR,270,Trading,CHF_EUR,1,1.3129
200341,DB188W DB C 04/07,DERIVATIVES,Sell,S,2007-02-22 19:18:21,1000,0.26,DE000DB188W2,Germany,EUR,260,Trading,CHF_EUR,1,1.3129
200341,GS0N07 GSI C 05/07,DERIVATIVES,Buy,B,2007-02-22 19:19:10,1000,0.76,DE000GS0N071,Germany,EUR,760,Trading,CHF_EUR,1,1.3132
200341,GS0N07 GSI C 05/07,DERIVATIVES,Sell,S,2007-02-22 19:22:00,1000,0.75,DE000GS0N071,Germany,EUR,750,Trading,CHF_EUR,1,1.3134
200341,TB0QC1 HSBC Trinkaus&Burkardt AG C 03/07,DERIVATIVES,Buy,B,2007-02-22 19:22:48,1000,0.47,DE000TB0QC19,Germany,EUR,470,Trading,CHF_EUR,1,1.3134
200341,TB0QC1 HSBC Trinkaus&Burkardt AG C 03/07,DERIVATIVES,Sell,S,2007-02-22 19:23:12,1000,0.46,DE000TB0QC19,Germany,EUR,460,Trading,CHF_EUR,1,1.3133
200341,,OTHER,Cash_out,O,2007-03-06 17:53:44,1,12.12,,,CAD,12.12,Payment,CHF_CAD,0.648887,0.850521
200341,,OTHER,Cash_out,O,2007-03-06 18:06:50,1,100,,,CHF,100,Payment,CHF_CHF,0.623072,0.816526
200341,,OTHER,Cash_out,O,2007-03-06 18:16:47,1,100,,,CHF,100,Payment,CHF_CHF,0.622801,0.816593
200341,,OTHER,Cash_out,O,2007-03-07 12:26:36,1,10.12,,,EUR,10.12,Payment,CHF_EUR,1,1.3122
200341,,OTHER,Cash_out,O,2007-03-07 12:27:09,1,15.1,,,CHF,15.1,Payment,CHF_CHF,0.622801,0.817294
200341,,OTHER,Cash_in,I,2007-03-07 17:57:07,1,1,,,CHF,1,Income,CHF_CHF,0.622956,0.819068
200341,,OTHER,Cash_out,O,2007-03-13 04:59:07,1,1,,,CHF,1,Payment,CHF_CHF,0.619061,0.816393
200341,,OTHER,Cash_in,I,2007-03-13 04:59:07,1,27.12,,,CAD,27.12,Income,CHF_CAD,0.647564,0.853935
200341,,OTHER,Cash_in,I,2007-03-16 04:59:15,1,30.1,,,CHF,30.1,Income,CHF_CHF,0.621446,0.826173
200341,,OTHER,Cash_in,I,2007-03-16 04:59:15,1,25.12,,,EUR,25.12,Income,CHF_EUR,1,1.3294
200341,,OTHER,Cash_in,I,2007-03-20 04:59:09,1,230,,,CHF,230,Income,CHF_CHF,0.619713,0.823723
200341,PORSCHE AUT HLDG,SHARE,Buy,B,2007-04-02 12:01:08,5,1164.5,DE0006937733,Germany,EUR,5822.5,Trading,CHF_EUR,1,1.3353
200341,PORSCHE AUT HLDG,SHARE,Sell,S,2007-04-02 12:14:48,5,1166.95,DE0006937733,Germany,EUR,5834.75,Trading,CHF_EUR,1,1.3351
200341,ABB LTD N,SHARE,Buy,B,2007-04-12 14:48:15,100,21.6,CH00122217161,SIX Swiss Exchange (SIX-Europe),CHF,2160,Trading,CHF_CHF,0.609812,0.82058
200341,ABB LTD N,SHARE,Sell,S,2007-04-12 14:53:52,100,21.55,CH00122217161,SIX Swiss Exchange (SIX-Europe),CHF,2155,Trading,CHF_CHF,0.609886,0.820378
200341,CG43CF CB C 06/08,DERIVATIVES,Buy,B,2007-04-26 08:20:25,1,13.2,DE000CG43CF3,Germany,EUR,13.2,Trading,CHF_EUR,1,1.3652
200341,CG43CF CB C 06/08,DERIVATIVES,Sell,S,2007-04-26 08:20:44,1,13.19,DE000CG43CF3,Germany,EUR,13.19,Trading,CHF_EUR,1,1.3653
200341,NESTLE N,SHARE,Buy,B,2007-04-26 11:05:07,10,483.5,CH00120560471,SIX Swiss Exchange (SIX-Europe),CHF,4835,Trading,CHF_CHF,0.608402,0.829703
200341,PORSCHE AUT HLDG,SHARE,Buy,B,2007-04-26 11:42:22,3,1229.6,DE0006937733,Germany,EUR,3688.8,Trading,CHF_EUR,1,1.3605
200341,NESTLE N,SHARE,Buy,B,2007-04-30 15:39:57,10,480.25,CH00120560471,SIX Swiss Exchange (SIX-Europe),CHF,4802.5,Trading,CHF_CHF,0.607663,0.828192
200341,NESTLE N,SHARE,Sell,S,2007-04-30 15:40:57,10,480.25,CH00120560471,SIX Swiss Exchange (SIX-Europe),CHF,4802.5,Trading,CHF_CHF,0.6077,0.828192
200341,NESTLE N,SHARE,Sell,S,2007-04-30 15:44:09,10,480,CH00120560471,SIX Swiss Exchange (SIX-Europe),CHF,4800,Trading,CHF_CHF,0.607663,0.828466
200341,PORSCHE AUT HLDG,SHARE,Sell,S,2007-05-02 09:17:59,3,1250,DE0006937733,Germany,EUR,3750,Trading,CHF_EUR,1,1.3576
200341,GS0CC3 GSI C 12/99,DERIVATIVES,Buy,B,2007-05-07 15:06:44,1,118.48,DE000GS0CC32,Germany,EUR,118.48,Trading,CHF_EUR,1,1.3618
200341,GS0CC3 GSI C 12/99,DERIVATIVES,Sell,S,2007-05-07 15:10:47,1,117.87,DE000GS0CC32,Germany,EUR,117.87,Trading,CHF_EUR,1,1.3618
200341,CB5KUW COM C 07/07,DERIVATIVES,Buy,B,2007-07-03 12:06:14,10,2.21,DE000CB5KUW4,Germany,EUR,22.1,Trading,CHF_EUR,1,1.3601
200341,CB5KUW COM C 07/07,DERIVATIVES,Sell,S,2007-07-03 12:26:57,10,2.2,DE000CB5KUW4,Germany,EUR,22,Trading,CHF_EUR,1,1.3601
200341,CB5KUW COM C 07/07,DERIVATIVES,Buy,B,2007-07-03 14:42:18,10,2.24,DE000CB5KUW4,Germany,EUR,22.4,Trading,CHF_EUR,1,1.3619
200341,CB5KUW COM C 07/07,DERIVATIVES,Buy,B,2007-07-03 14:44:43,10,2.23,DE000CB5KUW4,Germany,EUR,22.3,Trading,CHF_EUR,1,1.3617
200341,DANSKE BANK ORD,SHARE,Buy,B,2007-07-05 14:12:18,100,238.75,DK0010274414,Copenhague,DKK,23875,Trading,CHF_DKK,0.13435,0.18335
200341,DANSKE BANK ORD,SHARE,Sell,S,2007-07-05 14:13:48,100,238.5,DK0010274414,Copenhague,DKK,23850,Trading,CHF_DKK,0.13435,0.18335
200341,DANSKE BANK ORD,SHARE,Buy,B,2007-07-05 14:14:57,96,238.75,DK0010274414,Copenhague,DKK,22920,Trading,CHF_DKK,0.13435,0.18335
200341,DANSKE BANK ORD,SHARE,Sell,S,2007-07-05 14:19:56,75,238.75,DK0010274414,Copenhague,DKK,17906.25,Trading,CHF_DKK,0.13435,0.18325
200341,DANSKE BANK ORD,SHARE,Sell,S,2007-07-05 14:45:08,21,238.75,DK0010274414,Copenhague,DKK,5013.75,Trading,CHF_DKK,0.13435,0.18325
200341,SSMIL VON P 12/07 /Z5,DERIVATIVES,Buy,B,2007-07-09 17:57:10,1000,0.2,CH00322864264,SIX Swiss Exchange,CHF,200,Trading,CHF_CHF,0.603191,0.821794
200341,SSMIL VON P 12/07 /Z5,DERIVATIVES,Sell,S,2007-07-10 15:33:09,1000,0.35,CH00322864264,SIX Swiss Exchange,CHF,350,Trading,CHF_CHF,0.60443,0.827575
200341,DB530R DB P 12/99,DERIVATIVES,Buy,B,2007-07-11 13:40:06,50,6.75,DE000DB530R5,Germany,EUR,337.5,Trading,CHF_EUR,1,1.3771
200341,DB530R DB P 12/99,DERIVATIVES,Sell,S,2007-07-11 13:40:55,50,6.72,DE000DB530R5,Germany,EUR,336,Trading,CHF_EUR,1,1.3769
200341,ZURDZ DB C 09/07,DERIVATIVES,Buy,B,2007-07-13 09:43:23,100,0.3,CH00292250804,SIX Swiss Exchange,CHF,30,Trading,CHF_CHF,0.603045,0.830875
200341,ABB LTD N,SHARE,Buy,B,2007-07-19 10:03:17,50,29.2,CH00122217161,SIX Swiss Exchange (SIX-Europe),CHF,1460,Trading,CHF_CHF,0.603519,0.833021
200341,TEMENOS N,SHARE,Buy,B,2007-07-19 10:13:48,50,30.5,CH00124539134,SIX Swiss Exchange,CHF,1525,Trading,CHF_CHF,0.603409,0.832882
200341,CB5KUW COM C 07/07,DERIVATIVES,Sell,S,2007-07-20 09:33:12,20,1.03,DE000CB5KUW4,Germany,EUR,20.6,Trading,CHF_EUR,1,1.379
200341,ABB LTD N,SHARE,Sell,S,2007-07-20 14:55:31,50,29.1,CH00122217161,SIX Swiss Exchange (SIX-Europe),CHF,1455,Trading,CHF_CHF,0.601468,0.830254
200341,TEMENOS N,SHARE,Sell,S,2007-07-20 14:55:57,50,29.6,CH00124539134,SIX Swiss Exchange,CHF,1480,Trading,CHF_CHF,0.601468,0.830323
200341,6.90 VON/NESN 08,BONDS,Buy,B,2007-08-03 17:13:11,1000,0.98,CH00326328924,SIX Swiss Exchange,CHF,980,Trading,CHF_CHF,0.608217,0.837626
200341,MEDIOBANCA BANCA DI CREDITO OR,SHARE,Buy,B,2007-08-07 11:06:44,2,15.3,IT0000062957,Milano exchange,EUR,30.6,Trading,CHF_EUR,1,1.3791
200341,MEDIOBANCA BANCA DI CREDITO OR,SHARE,Sell,S,2007-08-09 10:57:42,2,16.33,IT0000062957,Milano exchange,EUR,32.66,Trading,CHF_EUR,1,1.378
200341,PEUGEOT ORD,SHARE,Buy,B,2007-08-14 09:37:11,1,59.55,FR0000121501,Euronext Paris,EUR,59.55,Trading,CHF_EUR,1,1.3596
200341,ZURDZ DB C 09/07,DERIVATIVES,Sell,S,2007-08-14 11:14:31,100,0.02,CH00292250804,SIX Swiss Exchange,CHF,2,Trading,CHF_CHF,0.609663,0.827986
200341,VMWARE CL A ORD,SHARE,Buy,B,2007-08-20 20:23:26,10,56.28,US9285634021,New York Stock Exchange (NYSE),USD,562.8,Trading,CHF_USD,0.742556,1
200341,MEDIOBANCA BANCA DI CREDITO OR,SHARE,Buy,B,2007-08-22 17:24:06,1,15.82,IT0000062957,Milano exchange,EUR,15.82,Trading,CHF_EUR,1,1.35305
200341,ABB LTD N,SHARE,Sell,S,2007-08-27 15:36:30,10,28.65,CH00122217161,SIX Swiss Exchange (SIX-Europe),CHF,286.5,Trading,CHF_CHF,0.608476,0.830496
200341,SUNDQ DB C 12/07,DERIVATIVES,Buy,B,2007-08-28 15:51:09,100,0.35,CH00287670584,SIX Swiss Exchange,CHF,35,Trading,CHF_CHF,0.611116,0.833924
200341,Siemens AG,SHARE,Buy,B,2007-09-03 11:09:36,1,151.5,DE00072361014,SIX Swiss Exchange,CHF,151.5,Trading,CHF_CHF,0.606888,0.828157
200341,MINIZ ABN   C1,DERIVATIVES,Buy,B,2007-09-03 14:29:24,1,21.7,CH00258892854,SIX Swiss Exchange,CHF,21.7,Trading,CHF_CHF,0.606925,0.827198
200341,VZOCH VON C,DERIVATIVES,Buy,B,2007-09-03 14:37:42,1,92.5,CH00125910194,SIX Swiss Exchange,CHF,92.5,Trading,CHF_CHF,0.606778,0.827198
200341,VZDXX VON C 09/09,DERIVATIVES,Buy,B,2007-09-03 14:49:16,1,41.1,CH00244403384,SIX Swiss Exchange,EUR,41.1,Trading,CHF_EUR,1,1.3632
200341,NESNN UBS C 09/07,DERIVATIVES,Buy,B,2007-09-03 14:52:23,1,430.25,CH00268834514,SIX Swiss Exchange,CHF,430.25,Trading,CHF_CHF,0.607036,0.827404
200341,8.60 BVG/BVG666 07,BONDS,Buy,B,2007-09-03 15:23:21,1000,1.0823,CH00268983434,SIX Swiss Exchange,CHF,1082.3,Trading,CHF_CHF,0.607036,0.827404
200341,VUCHC VON C 01/11,DERIVATIVES,Buy,B,2007-09-03 15:26:03,1,796,CH00239778844,SIX Swiss Exchange,CHF,796,Trading,CHF_CHF,0.607072,0.827541
200341,NZHBR LEU C 09/07,BONDS,Buy,B,2007-09-03 15:28:35,1000,1,CH00267907064,SIX Swiss Exchange,CHF,1000,Trading,CHF_CHF,0.607072,0.827541
200341,MINIZ ABN   C1,DERIVATIVES,Sell,S,2007-09-05 09:30:43,1,22.15,CH00258892854,SIX Swiss Exchange,CHF,22.15,Trading,CHF_CHF,0.607478,0.824742
200341,VZOCH VON C,DERIVATIVES,Sell,S,2007-09-05 09:31:39,1,92.95,CH00125910194,SIX Swiss Exchange,CHF,92.95,Trading,CHF_CHF,0.607478,0.824878
200341,VZDXX VON C 09/09,DERIVATIVES,Sell,S,2007-09-05 09:32:02,1,41.15,CH00244403384,SIX Swiss Exchange,EUR,41.15,Trading,CHF_EUR,1,1.3578
200341,VUCHC VON C 01/11,DERIVATIVES,Sell,S,2007-09-05 09:32:42,1,795,CH00239778844,SIX Swiss Exchange,CHF,795,Trading,CHF_CHF,0.607478,0.824742
200341,,OTHER,Cash_in,I,2007-09-08 05:02:30,1,430,,,CHF,430,Income,CHF_CHF,0.611098,0.841361
200341,VON ROLL I,SHARE,Buy,B,2007-09-10 09:00:06,10,8.76,CH00032453514,SIX Swiss Exchange,CHF,87.6,Trading,CHF_CHF,0.611714,0.843277
200341,VON ROLL I,SHARE,Buy,B,2007-09-10 09:00:06,1,8.76,CH00032453514,SIX Swiss Exchange,CHF,8.76,Trading,CHF_CHF,0.611714,0.843277
200341,6.90 VON/NESN 08,BONDS,Sell,S,2007-09-10 15:08:29,1000,1.01,CH00326328924,SIX Swiss Exchange,CHF,1010,Trading,CHF_CHF,0.610147,0.842283
200341,,OTHER,Cash_in,I,2007-09-12 05:01:25,1,2000,,,CHF,2000,Income,CHF_CHF,0.608347,0.842034
200341,NOVRB UBS C 09/07,DERIVATIVES,Buy,B,2007-09-24 16:33:16,15,64.7,CH00272340504,SIX Swiss Exchange,CHF,970.5,Trading,CHF_CHF,0.604394,0.852043
200341,PANAS GSI C 09/07,DERIVATIVES,Buy,B,2007-09-24 16:39:07,5,175.1,GB00B1FMDB994,SIX Swiss Exchange,USD,875.5,Trading,CHF_USD,0.709421,1
200341,10 VON/USD2Y 07,BONDS,Buy,B,2007-09-24 16:47:36,1000,1.002,CH00271976384,SIX Swiss Exchange,USD,1002,Trading,CHF_USD,0.709471,1
200341,,OTHER,Cash_in,I,2007-10-03 05:03:11,1,880.49,,,USD,880.49,Income,CHF_USD,0.705617,1
200341,,OTHER,Cash_out,O,2007-10-04 05:03:57,1,0.85,,,CHF,0.85,Payment,CHF_CHF,0.601088,0.847889
200341,,OTHER,Cash_in,I,2007-10-12 02:34:15,1,1000,,,USD,1000,Income,CHF_USD,0.70373,1
200341,,OTHER,Cash_in,I,2007-10-17 02:34:21,1,11.7,,,USD,11.7,Income,CHF_USD,0.705766,1
200341,,OTHER,Cash_in,I,2007-10-17 02:34:22,1,11.7,,,EUR,11.7,Income,CHF_EUR,1,1.4169
200341,ABN6KX ABN C 12/99,DERIVATIVES,Buy,B,2007-10-18 14:10:11,100,4.3,NL0000041408,Germany,EUR,430,Trading,CHF_EUR,1,1.4291
200341,GEBERIT N,SHARE,Buy,B,2007-10-18 15:02:32,100,164,CH00301704081,SIX Swiss Exchange (SIX-Europe),CHF,16400,Trading,CHF_CHF,0.599107,0.856568
200341,,OTHER,Cash_in,I,2007-10-20 02:34:12,1,10,,,CHF,10,Income,CHF_CHF,0.599018,0.856274
200341,,OTHER,Cash_in,I,2007-10-23 02:33:03,1,158.65,,,CHF,158.65,Income,CHF_CHF,0.599018,0.849545
200341,CRCAM BRIE PIC2CCI ORD,SHARE,Buy,B,2007-10-25 11:49:29,5,21.96,FR0010483768,Euronext Paris,EUR,109.8,Trading,CHF_EUR,1,1.4281
200341,,OTHER,Cash_in,I,2007-10-26 02:33:24,1,94.95,,,CHF,94.95,Income,CHF_CHF,0.598623,0.857412
200341,,OTHER,Cash_in,I,2007-10-26 02:33:24,1,5.85,,,EUR,5.85,Income,CHF_EUR,1,1.4322
200341,GEBERIT N,SHARE,Sell,S,2007-10-31 15:36:42,100,155.7,CH00301704081,SIX Swiss Exchange (SIX-Europe),CHF,15570,Trading,CHF_CHF,0.596178,0.861438
200341,ABN6KX ABN C 12/99,DERIVATIVES,Sell,S,2007-10-31 15:40:16,100,3,NL0000041408,Germany,EUR,300,Trading,CHF_EUR,1,1.4449
200341,SAP ORD,SHARE,Sell,S,2007-10-31 15:42:28,4,37.1,DE0007164600,Germany,EUR,148.4,Trading,CHF_EUR,1,1.4449
200341,NOVARTIS N,SHARE,Sell,S,2007-10-31 15:50:29,15,61.5,CH00120052671,SIX Swiss Exchange (SIX-Europe),CHF,922.5,Trading,CHF_CHF,0.596214,0.861586
200341,PEUGEOT ORD,SHARE,Sell,S,2007-10-31 15:59:09,1,63.7,FR0000121501,Euronext Paris,EUR,63.7,Trading,CHF_EUR,1,1.4447
200341,CRCAM BRIE PIC2CCI ORD,SHARE,Sell,S,2007-10-31 15:59:47,5,21.44,FR0010483768,Euronext Paris,EUR,107.2,Trading,CHF_EUR,1,1.445
200341,,OTHER,Cash_in,I,2007-11-06 02:37:00,1,97.25,,,CHF,97.25,Income,CHF_CHF,0.598856,0.866701
200341,VON ROLL I ANR-71108,DERIVATIVES,Sell,S,2007-11-09 14:29:00,11,0.35,CH00342415854,SIX Swiss Exchange,CHF,3.85,Trading,CHF_CHF,0.606447,0.890512
200341,16.80 VON/ABB 06,BONDS,Buy,B,2007-11-15 09:52:56,10000,0.1,CH00265914014,SIX Swiss Exchange,CHF,1000,Trading,CHF_CHF,0.607257,0.89075
200341,11.40 VON/MASN 07,BONDS,Buy,B,2007-11-15 09:56:24,2000,0.536,CH00280198564,SIX Swiss Exchange,CHF,1072,Trading,CHF_CHF,0.6077,0.890432
200341,16.80 VON/ABB 06,BONDS,Sell,S,2007-11-16 10:19:00,10000,0.1305,CH00265914014,SIX Swiss Exchange,CHF,1305,Trading,CHF_CHF,0.609775,0.890313
200341,WSMIU DB C 12/0701,DERIVATIVES,Buy,B,2007-11-19 16:12:33,100,0.2,CH00348879164,SIX Swiss Exchange,CHF,20,Trading,CHF_CHF,0.610482,0.894414
200341,,OTHER,Cash_in,I,2007-11-22 02:32:08,1,20.85,,,CHF,20.85,Income,CHF_CHF,0.61093,0.907153
200341,BOLIDEN ORD,SHARE,Buy,B,2007-11-22 15:23:43,100,83.5,SE0000869646,Stockholm,SEK,8350,Trading,CHF_SEK,0.10725,0.15925
200341,,OTHER,Cash_in,I,2007-11-23 02:33:17,1,6.04,,,EUR,6.04,Income,CHF_EUR,1,1.49125
200341,BOLIDEN ORD,SHARE,Sell,S,2007-11-23 10:17:35,100,83.25,SE0000869646,Stockholm,SEK,8325,Trading,CHF_SEK,0.10715,0.15905
200341,VESTAS WIND SYSTEMS ORD,SHARE,Buy,B,2007-11-23 10:22:53,1,445,DK0010268606,Copenhague,DKK,445,Trading,CHF_DKK,0.13415,0.19885
200341,VESTAS WIND SYSTEMS ORD,SHARE,Buy,B,2007-11-23 10:29:04,5,444,DK0010268606,Copenhague,DKK,2220,Trading,CHF_DKK,0.13415,0.19885
200341,VESTAS WIND SYSTEMS ORD,SHARE,Buy,B,2007-11-23 10:46:20,2,446,DK0010268606,Copenhague,DKK,892,Trading,CHF_DKK,0.13415,0.19875
200341,VESTAS WIND SYSTEMS ORD,SHARE,Buy,B,2007-11-23 10:47:15,2,447,DK0010268606,Copenhague,DKK,894,Trading,CHF_DKK,0.13415,0.19885
200341,VESTAS WIND SYSTEMS ORD,SHARE,Sell,S,2007-11-23 11:18:47,10,448,DK0010268606,Copenhague,DKK,4480,Trading,CHF_DKK,0.13112704,0.19875
200341,,OTHER,Cash_in,I,2007-11-29 02:35:38,1,139.05,,,CHF,139.05,Income,CHF_CHF,0.60652,0.898594
200341,,OTHER,Cash_in,I,2007-11-30 02:37:52,1,40.55,,,CHF,40.55,Income,CHF_CHF,0.605932,0.893615
200341,ACA CAPITAL HLDGS ORD,SHARE,Buy,B,2007-12-03 19:30:53,100,0.74,US0008331037,New York Stock Exchange (NYSE),USD,74,Trading,CHF_USD,0.681942,1
200341,ACA CAPITAL HLDGS ORD,SHARE,Buy,B,2007-12-03 19:36:16,300,0.74,US0008331037,New York Stock Exchange (NYSE),USD,222,Trading,CHF_USD,0.681756,1
200341,ACA CAPITAL HLDGS ORD,SHARE,Buy,B,2007-12-03 19:38:09,100,0.74,US0008331037,New York Stock Exchange (NYSE),USD,74,Trading,CHF_USD,0.681756,1
200341,ACA CAPITAL HLDGS ORD,SHARE,Sell,S,2007-12-03 20:21:02,500,0.73,US0008331037,New York Stock Exchange (NYSE),USD,365,Trading,CHF_USD,0.68171,1
200341,DB58W1 DB C 01/08-20080131,DERIVATIVES,Buy,B,2007-12-12 09:26:48,100,0.62,DE000DB58W17,Germany,EUR,62,Trading,CHF_EUR,1,1.4682
200341,UBS N,SHARE,Buy,B,2007-12-17 10:42:11,3,53.6,CH00248994831,SIX Swiss Exchange (SIX-Europe),CHF,160.8,Trading,CHF_CHF,0.602646,0.865688
200341,FIAT ORD,SHARE,Buy,B,2007-12-17 11:36:56,1,17.15,IT0001976403,Milano exchange,EUR,17.15,Trading,CHF_EUR,1,1.4335
200341,FIAT ORD,SHARE,Sell,S,2007-12-17 13:01:44,1,17.15,IT0001976403,Milano exchange,EUR,17.15,Trading,CHF_EUR,1,1.438
200341,,OTHER,Cash_in,I,2007-12-29 02:32:05,1,14.45,,,CHF,14.45,Income,CHF_CHF,0.602991,0.887981
200341,,OTHER,Cash_out,O,2008-01-01 02:32:28,1,20,,,CHF,20,Payment,CHF_CHF,0.604631,0.882184
200341,SUBSA VON C 03/08 /Z01,DERIVATIVES,Buy,B,2008-01-07 09:32:42,100,0.08,CH00365844614,SIX Swiss Exchange,CHF,8,Trading,CHF_CHF,0.611415,0.897223
200341,MICROSOFT ORD,SHARE,Buy,B,2008-01-08 17:08:43,10,34.28,US5949181045,NASDAQ New York,USD,342.8,Trading,CHF_USD,0.67944,1
200341,MAYR MELNHOF KARTON ORD,SHARE,Buy,B,2008-01-30 13:57:28,1,66.76,AT0000938204,Vienne,EUR,66.76,Trading,CHF_EUR,1,1.4803
200341,MAYR MELNHOF KARTON ORD,SHARE,Sell,S,2008-01-30 15:40:23,1,66.76,AT0000938204,Vienne,EUR,66.76,Trading,CHF_EUR,1,1.4777
200341,PEPSICO,SHARE,Buy,B,2008-02-05 16:49:55,1,74.85,US71344810814,SIX Swiss Exchange,CHF,74.85,Trading,CHF_CHF,0.619905,0.907894
200341,PEPSICO,SHARE,Sell,S,2008-02-05 16:51:19,1,74.35,US71344810814,SIX Swiss Exchange,CHF,74.35,Trading,CHF_CHF,0.619982,0.908059
200341,LOGITECH N,SHARE,Buy,B,2008-02-05 16:58:11,1,30.96,CH00257513291,SIX Swiss Exchange (SIX-Europe),CHF,30.96,Trading,CHF_CHF,0.620059,0.908141
200341,LOGITECH N,SHARE,Sell,S,2008-02-05 16:58:33,1,30.9,CH00257513291,SIX Swiss Exchange (SIX-Europe),CHF,30.9,Trading,CHF_CHF,0.620097,0.908141
200341,SEZ N,SHARE,Buy,B,2008-02-26 11:10:12,1,36.95,CH00123520654,SIX Swiss Exchange,CHF,36.95,Trading,CHF_CHF,0.619099,0.920429
200341,SEZ N,SHARE,Sell,S,2008-02-26 11:11:05,1,36.75,CH00123520654,SIX Swiss Exchange,CHF,36.75,Trading,CHF_CHF,0.619023,0.920175
200341,ABB LTD N,SHARE,Sell,S,2008-03-03 11:08:39,10,25.92,CH00122217161,SIX Swiss Exchange (SIX-Europe),CHF,259.2,Trading,CHF_CHF,0.633212,0.960569
200341,MEDIOBANCA BANCA DI CREDITO OR,SHARE,Sell,S,2008-03-10 15:06:44,1,12.13,IT0000062957,Milano exchange,EUR,12.13,Trading,CHF_EUR,1,1.5355
200341,TB1HVR TB C 05/08,DERIVATIVES,Buy,B,2008-04-01 08:09:38,100,2.23,DE000TB1HVR8,Germany,EUR,223,Trading,CHF_EUR,1,1.57275
200341,TB1HVR TB C 05/08,DERIVATIVES,Sell,S,2008-04-01 08:10:09,100,2.23,DE000TB1HVR8,Germany,EUR,223,Trading,CHF_EUR,1,1.57295
200341,CG89BN CB C 12/09,DERIVATIVES,Buy,B,2008-04-18 10:41:23,100,0.79,DE000CG89BN2,Germany,EUR,79,Trading,CHF_EUR,1,1.5946
200341,CG89BN CB C 12/09,DERIVATIVES,Sell,S,2008-04-18 10:44:16,100,0.77,DE000CG89BN2,Germany,EUR,77,Trading,CHF_EUR,1,1.5944
200341,UBS N ANR-80509,DERIVATIVES,Sell,S,2008-05-08 10:27:39,3,1.67,CH00385789411,SIX Swiss Exchange (SIX-Europe),CHF,5.01,Trading,CHF_CHF,0.61799,0.947643
200341,GS0R89 GSI C 12/08,DERIVATIVES,Buy,B,2008-05-08 10:57:22,1000,0.264,DE000GS0R890,Germany,EUR,264,Trading,CHF_EUR,1,1.534
200341,GS0R89 GSI C 12/08,DERIVATIVES,Sell,S,2008-05-08 10:59:08,1000,0.255,DE000GS0R890,Germany,EUR,255,Trading,CHF_EUR,1,1.5339
200341,TB1LGJ TB C 06/08,DERIVATIVES,Buy,B,2008-05-09 10:59:06,100,0.59,DE000TB1LGJ8,Germany,EUR,59,Trading,CHF_EUR,1,1.5484
200341,TB1LGJ TB C 06/08,DERIVATIVES,Sell,S,2008-05-09 10:59:34,100,0.56,DE000TB1LGJ8,Germany,EUR,56,Trading,CHF_EUR,1,1.5482
200341,GS2N4J GSI C 12/99,DERIVATIVES,Buy,B,2008-05-09 11:44:35,100,1.46,DE000GS2N4J9,Germany,EUR,146,Trading,CHF_EUR,1,1.5471
200341,GS2N4J GSI C 12/99,DERIVATIVES,Sell,S,2008-05-09 11:45:25,100,1.46,DE000GS2N4J9,Germany,EUR,146,Trading,CHF_EUR,1,1.5469
200341,TB0KGJ TB C 12/08-20081212,DERIVATIVES,Buy,B,2008-05-09 11:47:08,1000,0.051,DE000TB0KGJ2,Germany,EUR,51,Trading,CHF_EUR,1,1.5468
200341,TB0KGJ TB C 12/08-20081212,DERIVATIVES,Sell,S,2008-05-09 11:47:50,1000,0.046,DE000TB0KGJ2,Germany,EUR,46,Trading,CHF_EUR,1,1.5468
200341,SIEMENS N ORD,SHARE,Sell,S,2008-05-15 15:13:22,10,74.73,DE0007236101,Germany,EUR,747.3,Trading,CHF_EUR,1,1.5499
200341,McDonald's,SHARE,Buy,B,2008-05-15 15:32:48,1,63.65,US58013510174,SIX Swiss Exchange,CHF,63.65,Trading,CHF_CHF,0.612952,0.950616
200341,McDonald's,SHARE,Sell,S,2008-05-15 15:38:07,1,63.15,US58013510174,SIX Swiss Exchange,CHF,63.15,Trading,CHF_CHF,0.613102,0.950164
200341,CG4193 CB P 07/08,DERIVATIVES,Buy,B,2008-06-04 13:35:30,1560,1.68,DE000CG41939,Germany,EUR,2620.8,Trading,CHF_EUR,1,1.5461
200341,CG4193 CB P 07/08,DERIVATIVES,Sell,S,2008-06-04 13:36:00,564,1.65,DE000CG41939,Germany,EUR,930.6,Trading,CHF_EUR,1,1.5463
200341,CG4193 CB P 07/08,DERIVATIVES,Sell,S,2008-06-04 13:36:19,996,1.65,DE000CG41939,Germany,EUR,1643.4,Trading,CHF_EUR,1,1.5462
200341,SUBSS VON C 09/08 /Z01,DERIVATIVES,Buy,B,2008-06-05 17:44:33,1000,0.38,CH00425965744,SIX Swiss Exchange,CHF,380,Trading,CHF_CHF,0.618028,0.960938
200341,SUBSS VON C 09/08 /Z01,DERIVATIVES,Sell,S,2008-06-05 17:54:18,1000,0.35,CH00425965744,SIX Swiss Exchange,CHF,350,Trading,CHF_CHF,0.617951,0.961538
200341,ABB LTD N,SHARE,Sell,S,2008-06-06 09:00:49,80,33.82,CH00122217161,SIX Swiss Exchange (SIX-Europe),CHF,2705.6,Trading,CHF_CHF,0.61696,0.962788
200341,UBS N ANR 80609,DERIVATIVES,Sell,S,2008-06-11 18:14:27,3,0.989817,CH00399138991,SIX Swiss Exchange (SIX-Europe),CHF,2.969451,Trading,CHF_CHF,0.622103,0.967726
200341,Germany 4% 04.01.2037,BONDS,Buy,B,2008-06-18 18:36:09,500,0.88486,DE0001135275,OTC Bonds,EUR,442.43,Trading,CHF_EUR,1,1.5503
200341,MOBILEZONE I,SHARE,Buy,B,2008-07-01 11:39:48,1,7,CH00125834044,SIX Swiss Exchange,CHF,7,Trading,CHF_CHF,0.622917,0.982367
200341,MOBILEZONE I,SHARE,Buy,B,2008-07-01 11:41:03,1,7,CH00125834044,SIX Swiss Exchange,CHF,7,Trading,CHF_CHF,0.622917,0.982367
200341,MOBILEZONE I,SHARE,Sell,S,2008-07-01 11:45:26,1,6.99,CH00125834044,SIX Swiss Exchange,CHF,6.99,Trading,CHF_CHF,0.623111,0.98256
200341,MOBILEZONE I,SHARE,Sell,S,2008-07-01 11:47:27,1,6.99,CH00125834044,SIX Swiss Exchange,CHF,6.99,Trading,CHF_CHF,0.623189,0.983043
200341,MOBILEZONE I,SHARE,Buy,B,2008-07-01 11:49:58,1,7,CH00125834044,SIX Swiss Exchange,CHF,7,Trading,CHF_CHF,0.623111,0.982849
200341,UBS N,SHARE,Buy,B,2008-07-01 12:10:14,1,20.16,CH00248994831,SIX Swiss Exchange (SIX-Europe),CHF,20.16,Trading,CHF_CHF,0.622568,0.981788
200341,Germany 4% 04.01.2037,BONDS,Sell,S,2008-07-04 09:45:41,500,0.8822,DE0001135275,OTC Bonds,EUR,441.1,Trading,CHF_EUR,1,1.5709
200341,CG91DG CB C 09/09,DERIVATIVES,Buy,B,2008-07-14 17:38:13,100,0.61,DE000CG91DG8,Germany,EUR,61,Trading,CHF_EUR,1,1.5898
200341,CG91DG CB C 09/09,DERIVATIVES,Sell,S,2008-07-14 17:38:49,100,0.6,DE000CG91DG8,Germany,EUR,60,Trading,CHF_EUR,1,1.59
200341,ABB LTD N,SHARE,Sell,S,2008-07-28 10:07:07,100,27.42,CH00122217161,SIX Swiss Exchange (SIX-Europe),CHF,2742,Trading,CHF_CHF,0.613968,0.965018
200341,,OTHER,Cash_in,I,2008-07-29 02:37:03,1,177.6,,,CHF,177.6,Income,CHF_CHF,0.614742,0.968148
200341,ABB LTD N,SHARE,Sell,S,2008-07-30 12:25:54,20,27.64,CH00122217161,SIX Swiss Exchange (SIX-Europe),CHF,552.8,Trading,CHF_CHF,0.613064,0.955429
200341,KKR AND CO GUERNSEY UNT,SHARE,Buy,B,2008-08-05 12:47:57,10,12.99,GB00B13BNQ35,Euronext Amsterdam,USD,129.9,Trading,CHF_USD,0.645411,1
200341,GS0CC8 GSI C 12-99,DERIVATIVES,Buy,B,2008-08-05 14:20:38,1,15.55,DE000GS0CC81,Germany,EUR,15.55,Trading,CHF_EUR,1,1.5486
200341,CB6EEL COM C 12/99,DERIVATIVES,Buy,B,2008-08-13 10:33:13,40,10.86,DE000CB6EEL2,Germany,EUR,434.4,Trading,CHF_EUR,1,1.49205
200341,NESTLE N,SHARE,Buy,B,2008-11-06 09:16:51,1,46.46,CH00388633501,SIX Swiss Exchange (SIX-Europe),CHF,46.46,Trading,CHF_CHF,0.664805,0.856935
200341,VON ROLL I,SHARE,Sell,S,2008-11-06 09:20:57,11,6.95,CH00032453514,SIX Swiss Exchange,CHF,76.45,Trading,CHF_CHF,0.664408,0.856568
200341,UBS N,SHARE,Buy,B,2008-11-13 09:13:30,10,15.76,CH00248994831,SIX Swiss Exchange (SIX-Europe),CHF,157.6,Trading,CHF_CHF,0.6749,0.838926
200341,SMIAE VON P 03/09,DERIVATIVES,Buy,B,2008-12-02 19:10:19,100,0.26,CH00477316144,SIX Swiss Exchange,CHF,26,Trading,CHF_CHF,0.651678,0.827849
200341,SMIAE VON P 03/09,DERIVATIVES,Sell,S,2008-12-02 19:11:40,100,0.25,CH00477316144,SIX Swiss Exchange,CHF,25,Trading,CHF_CHF,0.651806,0.827712
200341,AMAZON COM ORD,SHARE,Buy,B,2008-12-17 15:30:08,1,52.43,US0231351067,NASDAQ New York,USD,52.43,Trading,CHF_USD,0.705766,1
200341,DIGITAL POWER ORD,SHARE,Buy,B,2008-12-17 15:35:09,20,0.8,US2538621069,American Exchange (AMEX),USD,16,Trading,CHF_USD,0.703185,1
200341,AMAZON COM ORD,SHARE,Sell,S,2008-12-17 15:59:29,1,52.24,US0231351067,NASDAQ New York,USD,52.24,Trading,CHF_USD,0.698861,1
200341,DIGITAL POWER ORD,SHARE,Buy,B,2008-12-17 16:00:47,20,0.74,US2538621069,American Exchange (AMEX),USD,14.8,Trading,CHF_USD,0.69389,1
200341,AMAZON COM ORD,SHARE,Buy,B,2008-12-17 16:20:05,5,52.07,US0231351067,NASDAQ New York,USD,260.35,Trading,CHF_USD,0.694589,1
200341,AMAZON COM ORD,SHARE,Buy,B,2008-12-17 16:21:49,5,52.1,US0231351067,NASDAQ New York,USD,260.5,Trading,CHF_USD,0.696282,1
200341,AMAZON COM ORD,SHARE,Sell,S,2008-12-17 21:02:43,10,54,US0231351067,NASDAQ New York,USD,540,Trading,CHF_USD,0.697374,1
200341,AMAZON COM ORD,SHARE,Buy,B,2008-12-18 15:41:02,1,53.7,US0231351067,NASDAQ New York,USD,53.7,Trading,CHF_USD,0.690703,1
200341,AMAZON COM ORD,SHARE,Sell,S,2008-12-18 16:01:23,1,53.59,US0231351067,NASDAQ New York,USD,53.59,Trading,CHF_USD,0.693385,1
200341,ABB LTD N,SHARE,Buy,B,2008-12-23 10:23:11,5,15.05,CH00122217161,SIX Swiss Exchange (SIX-Europe),CHF,75.25,Trading,CHF_CHF,0.655501,0.915122
200341,,OTHER,Cash_in,I,2009-01-03 16:54:15,1,1.9,,,CHF,1.9,Income,CHF_CHF,0.66538,0.926226
200341,,OTHER,Cash_out,O,2009-01-03 16:54:15,1,0.88,,,USD,0.88,Payment,CHF_USD,0.718391,1
200341,,OTHER,Cash_out,O,2009-01-03 16:54:15,1,0.6,,,EUR,0.6,Payment,CHF_EUR,1,1.392
200341,ABB LTD N,SHARE,Buy,B,2009-01-15 09:01:18,10,13.53,CH00122217161,SIX Swiss Exchange (SIX-Europe),CHF,135.3,Trading,CHF_CHF,0.680758,0.894374
200341,,OTHER,Cash_in,I,2009-01-16 04:18:35,1,0.15,,,CHF,0.15,Income,CHF_CHF,0.676979,0.894975
200341,ERICSSON ORD,SHARE,Buy,B,2009-01-23 16:40:26,2,63.3,SE0000108649,Stockholm,SEK,126.6,Trading,CHF_SEK,0.09395,0.1204
200341,CG3QDR CB C 12/99-20991230,DERIVATIVES,Buy,B,2009-01-30 11:31:27,1000,0.22,DE000CG3QDR7,Germany,EUR,220,Trading,CHF_EUR,1,1.2863
200341,CG3QDR CB C 12/99-20991230,DERIVATIVES,Sell,S,2009-01-30 14:31:00,500,0.22,DE000CG3QDR7,Germany,EUR,110,Trading,CHF_EUR,1,1.285
200341,DAY N,SHARE,Buy,B,2009-01-30 16:51:28,10,13.05,CH00104742184,SIX Swiss Exchange,CHF,130.5,Trading,CHF_CHF,0.670848,0.859291
200341,ABB LTD N,SHARE,Buy,B,2009-02-03 09:00:59,1,14.5,CH00122217161,SIX Swiss Exchange (SIX-Europe),CHF,14.5,Trading,CHF_CHF,0.669277,0.86103
200341,MICROSOFT ORD,SHARE,Sell,S,2009-02-03 15:30:03,5,17.85,US5949181045,NASDAQ New York,USD,89.25,Trading,CHF_USD,0.773186,1
200341,CG3QDR CB C 12/99-20991230,DERIVATIVES,Buy,B,2009-02-05 18:18:16,100,0.36,DE000CG3QDR7,Germany,EUR,36,Trading,CHF_EUR,1,1.29415
200341,CG3QDR CB C 12/99-20991230,DERIVATIVES,Buy,B,2009-02-09 09:03:24,100,0.21,DE000CG3QDR7,Germany,EUR,21,Trading,CHF_EUR,1,1.28965
200341,CG3QDR CB C 12/99-20991230,DERIVATIVES,Buy,B,2009-02-09 12:03:53,200,0.28,DE000CG3QDR7,Germany,EUR,56,Trading,CHF_EUR,1,1.29475
200341,CG3QDR CB C 12/99-20991230,DERIVATIVES,Sell,S,2009-02-09 17:58:16,300,0.37,DE000CG3QDR7,Germany,EUR,111,Trading,CHF_EUR,1,1.3068
200341,CG3QDR CB C 12/99-20991230,DERIVATIVES,Sell,S,2009-02-09 18:02:16,300,0.38,DE000CG3QDR7,Germany,EUR,114,Trading,CHF_EUR,1,1.3062
200341,DUFRY N,SHARE,Buy,B,2009-02-18 17:14:52,1,20.95,CH00234054564,SIX Swiss Exchange,CHF,20.95,Trading,CHF_CHF,0.674992,0.846203
200341,LEM N,SHARE,Buy,B,2009-02-18 17:31:09,1,147,CH00224276264,SIX Swiss Exchange,CHF,147,Trading,CHF_CHF,0.674992,0.846203
200341,ABB LTD N,SHARE,Sell,S,2009-03-09 12:14:18,50,13.29,CH00122217161,SIX Swiss Exchange (SIX-Europe),CHF,664.5,Trading,CHF_CHF,0.682547,0.859033
200341,ABB LTD N,SHARE,Buy,B,2009-03-09 12:16:42,20,13.31,CH00122217161,SIX Swiss Exchange (SIX-Europe),CHF,266.2,Trading,CHF_CHF,0.682547,0.858959
200341,CB6EEL COM C 12/99,DERIVATIVES,Sell,S,2009-03-09 12:22:14,40,5.92,DE000CB6EEL2,Germany,EUR,236.8,Trading,CHF_EUR,1,1.25845
200341,VONTOBEL N,SHARE,Buy,B,2009-03-09 12:22:29,50,15.4,CH00123355404,SIX Swiss Exchange,CHF,770,Trading,CHF_CHF,0.682501,0.858959
200341,VONTOBEL N,SHARE,Sell,S,2009-03-09 14:06:20,50,15.8,CH00123355404,SIX Swiss Exchange,CHF,790,Trading,CHF_CHF,0.681803,0.856604
200341,MOBILEZONE I,SHARE,Sell,S,2009-03-19 13:54:44,1,6.55,CH00125834044,SIX Swiss Exchange,CHF,6.55,Trading,CHF_CHF,0.650407,0.886957
200341,DUFRY N,SHARE,Sell,S,2009-03-19 13:57:20,1,17.6,CH00234054564,SIX Swiss Exchange,CHF,17.6,Trading,CHF_CHF,0.650237,0.88625
200341,LEM N,SHARE,Sell,S,2009-03-19 13:58:15,1,135,CH00224276264,SIX Swiss Exchange,CHF,135,Trading,CHF_CHF,0.650153,0.886486
200341,NESTLE N,SHARE,Sell,S,2009-03-19 13:58:42,1,36.56,CH00388633501,SIX Swiss Exchange (SIX-Europe),CHF,36.56,Trading,CHF_CHF,0.650111,0.886643
200341,UBS N,SHARE,Sell,S,2009-03-19 14:00:40,14,13.11,CH00248994831,SIX Swiss Exchange (SIX-Europe),CHF,183.54,Trading,CHF_CHF,0.649899,0.886564
200341,Siemens AG,SHARE,Sell,S,2009-03-19 14:02:36,1,68.6,DE00072361014,SIX Swiss Exchange,CHF,68.6,Trading,CHF_CHF,0.649942,0.886564
200341,ABBBI VON C 06/09,DERIVATIVES,Buy,B,2009-03-19 14:58:25,1000,0.12,CH00475213534,SIX Swiss Exchange,CHF,120,Trading,CHF_CHF,0.650237,0.887351
200341,MICRONAS N,SHARE,Sell,S,2009-03-25 10:59:11,78,3,CH00123374214,SIX Swiss Exchange,CHF,234,Trading,CHF_CHF,0.65703,0.88523
200341,ABBBI VON C 06/09,DERIVATIVES,Sell,S,2009-03-25 14:14:13,1000,0.11,CH00475213534,SIX Swiss Exchange,CHF,110,Trading,CHF_CHF,0.656556,0.885779
200341,DEUTSCHE LUFTHANSA ORD,SHARE,Buy,B,2009-03-26 10:50:27,10,8.42,DE0008232125,Germany,EUR,84.2,Trading,CHF_EUR,1,1.3571
200341,UBS N,SHARE,Buy,B,2009-04-01 14:33:14,3,10.88,CH00248994831,SIX Swiss Exchange (SIX-Europe),CHF,32.64,Trading,CHF_CHF,0.661244,0.875925
200341,UBS N,SHARE,Buy,B,2009-04-01 14:45:09,3,10.95,CH00248994831,SIX Swiss Exchange (SIX-Europe),CHF,32.85,Trading,CHF_CHF,0.661244,0.877308
200341,UBS N,SHARE,Sell,S,2009-04-01 14:59:53,2,10.89,CH00248994831,SIX Swiss Exchange (SIX-Europe),CHF,21.78,Trading,CHF_CHF,0.661419,0.877308
200341,UBS N,SHARE,Sell,S,2009-04-01 15:32:05,2,10.86,CH00248994831,SIX Swiss Exchange (SIX-Europe),CHF,21.72,Trading,CHF_CHF,0.661901,0.877001
200341,UBS N,SHARE,Buy,B,2009-04-01 15:38:36,50,10.82,CH00248994831,SIX Swiss Exchange (SIX-Europe),CHF,541,Trading,CHF_CHF,0.662032,0.877231
200341,UBS N,SHARE,Buy,B,2009-04-01 15:57:11,2,10.81,CH00248994831,SIX Swiss Exchange (SIX-Europe),CHF,21.62,Trading,CHF_CHF,0.661507,0.87677
200341,UBS N,SHARE,Sell,S,2009-04-01 16:16:06,2,10.85,CH00248994831,SIX Swiss Exchange (SIX-Europe),CHF,21.7,Trading,CHF_CHF,0.660982,0.876079
200341,UBS N,SHARE,Buy,B,2009-04-01 16:20:35,2,11.01,CH00248994831,SIX Swiss Exchange (SIX-Europe),CHF,22.02,Trading,CHF_CHF,0.660633,0.876232
200341,ABB LTD N,SHARE,Buy,B,2009-04-08 10:36:53,50,15.81,CH00122217161,SIX Swiss Exchange (SIX-Europe),CHF,790.5,Trading,CHF_CHF,0.66024,0.870246
200341,ABB LTD N,SHARE,Buy,B,2009-04-08 10:37:18,50,15.82,CH00122217161,SIX Swiss Exchange (SIX-Europe),CHF,791,Trading,CHF_CHF,0.660284,0.870246
200341,ABB LTD N,SHARE,Sell,S,2009-04-08 10:37:41,50,15.81,CH00122217161,SIX Swiss Exchange (SIX-Europe),CHF,790.5,Trading,CHF_CHF,0.66024,0.870322
200341,ABB LTD N,SHARE,Sell,S,2009-04-08 10:55:40,50,15.9,CH00122217161,SIX Swiss Exchange (SIX-Europe),CHF,795,Trading,CHF_CHF,0.660197,0.870928
200341,ABB LTD N,SHARE,Sell,S,2009-04-08 11:20:00,100,15.98,CH00122217161,SIX Swiss Exchange (SIX-Europe),CHF,1598,Trading,CHF_CHF,0.659457,0.870701
200341,UBS N,SHARE,Buy,B,2009-04-08 11:20:08,100,11.04,CH00248994831,SIX Swiss Exchange (SIX-Europe),CHF,1104,Trading,CHF_CHF,0.659326,0.870549
200341,ABB LTD N,SHARE,Sell,S,2009-04-08 11:22:19,100,16,CH00122217161,SIX Swiss Exchange (SIX-Europe),CHF,1600,Trading,CHF_CHF,0.659326,0.871004
200341,ABB LTD N,SHARE,Buy,B,2009-04-08 11:40:27,100,15.94,CH00122217161,SIX Swiss Exchange (SIX-Europe),CHF,1594,Trading,CHF_CHF,0.659326,0.87146
200341,ABB LTD N,SHARE,Sell,S,2009-04-08 11:40:33,50,15.93,CH00122217161,SIX Swiss Exchange (SIX-Europe),CHF,796.5,Trading,CHF_CHF,0.659283,0.87146
200341,UBS N,SHARE,Buy,B,2009-04-08 11:40:37,15,11.02,CH00248994831,SIX Swiss Exchange (SIX-Europe),CHF,165.3,Trading,CHF_CHF,0.659283,0.87146
200341,UBS N,SHARE,Sell,S,2009-04-08 12:36:50,50,11.01,CH00248994831,SIX Swiss Exchange (SIX-Europe),CHF,550.5,Trading,CHF_CHF,0.659152,0.871384
200341,UBS N,SHARE,Sell,S,2009-04-09 09:02:01,100,11.5,CH00248994831,SIX Swiss Exchange (SIX-Europe),CHF,1150,Trading,CHF_CHF,0.656513,0.874011
200341,BALOISE N,SHARE,Buy,B,2009-04-09 09:02:07,20,79.5,CH00124105171,SIX Swiss Exchange (SIX-Europe),CHF,1590,Trading,CHF_CHF,0.656383,0.873859
200341,UBS N,SHARE,Buy,B,2009-04-09 09:09:23,200,11.25,CH00248994831,SIX Swiss Exchange (SIX-Europe),CHF,2250,Trading,CHF_CHF,0.656426,0.873706
200341,UBS N,SHARE,Sell,S,2009-04-15 15:47:18,1,12.29,CH00248994831,SIX Swiss Exchange (SIX-Europe),CHF,12.29,Trading,CHF_CHF,0.661726,0.871954
200341,UBS N,SHARE,Buy,B,2009-04-15 16:06:24,1,12.48,CH00248994831,SIX Swiss Exchange (SIX-Europe),CHF,12.48,Trading,CHF_CHF,0.661419,0.872182
200341,UBS N,SHARE,Sell,S,2009-04-15 16:31:27,1,12.4,CH00248994831,SIX Swiss Exchange (SIX-Europe),CHF,12.4,Trading,CHF_CHF,0.661419,0.872334
200341,UBS N,SHARE,Sell,S,2009-04-16 16:29:02,1,13,CH00248994831,SIX Swiss Exchange (SIX-Europe),CHF,13,Trading,CHF_CHF,0.661314,0.873187
200341,UBS N,SHARE,Buy,B,2009-04-16 16:53:17,1,13.1,CH00248994831,SIX Swiss Exchange (SIX-Europe),CHF,13.1,Trading,CHF_CHF,0.661113,0.872105
200341,UBS N,SHARE,Sell,S,2009-04-17 15:36:32,1,13.85,CH00248994831,SIX Swiss Exchange (SIX-Europe),CHF,13.85,Trading,CHF_CHF,0.657289,0.857964
200341,UBS N,SHARE,Sell,S,2009-04-17 15:36:33,1,13.85,CH00248994831,SIX Swiss Exchange (SIX-Europe),CHF,13.85,Trading,CHF_CHF,0.657246,0.857978
200341,UBS N,SHARE,Sell,S,2009-04-17 15:36:33,1,13.85,CH00248994831,SIX Swiss Exchange (SIX-Europe),CHF,13.85,Trading,CHF_CHF,0.657272,0.857978
200341,UBS N,SHARE,Sell,S,2009-04-17 15:43:52,1,13.79,CH00248994831,SIX Swiss Exchange (SIX-Europe),CHF,13.79,Trading,CHF_CHF,0.657181,0.857891
200341,UBS N,SHARE,Buy,B,2009-04-20 09:00:36,1,14,CH00248994831,SIX Swiss Exchange (SIX-Europe),CHF,14,Trading,CHF_CHF,0.658262,0.855066
200341,UBS N,SHARE,Buy,B,2009-04-20 09:00:36,1,14,CH00248994831,SIX Swiss Exchange (SIX-Europe),CHF,14,Trading,CHF_CHF,0.658262,0.855066
200341,ABB LTD N,SHARE,Sell,S,2009-04-20 14:16:40,10,17.19,CH00122217161,SIX Swiss Exchange (SIX-Europe),CHF,171.9,Trading,CHF_CHF,0.658865,0.854299
200341,ROCHE GS,SHARE,Buy,B,2009-05-04 09:01:00,1,147.3,CH00120320481,SIX Swiss Exchange (SIX-Europe),CHF,147.3,Trading,CHF_CHF,0.66187,0.881228
200341,HOLCIM N ANR-90519,DERIVATIVES,Buy,B,2009-05-12 09:57:23,100,2.78,CH01000523531,SIX Swiss Exchange (SIX-Europe),CHF,278,Trading,CHF_CHF,0.662954,0.904568
200341,3S INDUSTRIES N,SHARE,Buy,B,2009-05-19 09:47:58,10,17,CH00428210896,Bern,CHF,170,Trading,CHF_CHF,0.660829,0.898101
200341,,OTHER,Cash_in,I,2009-05-28 04:21:30,1,100,,,CHF,100,Income,CHF_CHF,0.661371,0.915835
200341,GS0CC8 GSI C 12-99,DERIVATIVES,Sell,S,2009-06-08 17:58:54,1,19.11,DE000GS0CC81,Germany,EUR,19.11,Trading,CHF_EUR,1,1.38796
200341,TB2FUX TB P 12/99-20991230,DERIVATIVES,Buy,B,2009-06-08 18:02:30,100,2.3,DE000TB2FUX0,Germany,EUR,230,Trading,CHF_EUR,1,1.38836
200341,VODAFONE GROUP ORD,SHARE,Buy,B,2009-06-11 14:08:44,10,1.141,GB00B16GWD56,London SETS,GBP,11.41,Trading,CHF_GBP,1.176055,1.643549
200341,VODAFONE GROUP ORD,SHARE,Sell,S,2009-06-11 15:30:26,10,1.145,GB00B16GWD56,London SETS,GBP,11.45,Trading,CHF_GBP,1.174136,1.64765
200341,SIEMENS N ORD,SHARE,Sell,S,2009-06-11 17:22:18,7,54.34,DE0007236101,Germany,EUR,380.38,Trading,CHF_EUR,1,1.40821
200341,TEMENOS N,SHARE,Buy,B,2009-06-15 11:11:18,20,18.5,CH00124539134,SIX Swiss Exchange,CHF,370,Trading,CHF_CHF,0.661388,0.917936
200341,TEMENOS N,SHARE,Buy,B,2009-06-15 13:26:37,30,18.5,CH00124539134,SIX Swiss Exchange,CHF,555,Trading,CHF_CHF,0.661865,0.9168
200341,TEMENOS N,SHARE,Sell,S,2009-06-15 14:57:52,50,18,CH00124539134,SIX Swiss Exchange,CHF,900,Trading,CHF_CHF,0.662142,0.918948
200341,URANIUM ONE ORD,SHARE,Buy,B,2009-06-15 15:37:23,50,2.97,CA91701P1053,Toronto Stock Exchange,CAD,148.5,Trading,CHF_CAD,0.639312,0.885975
200341,CG88YR Citi P 09/09,DERIVATIVES,Buy,B,2009-06-16 19:00:00,50,2.63,DE000CG88YR7,Germany,EUR,131.5,Trading,CHF_EUR,1,1.38405
200341,DB3EX1 DB P 07/09,DERIVATIVES,Buy,B,2009-06-18 20:37:39,1000,0.6,DE000DB3EX19,Germany,EUR,600,Trading,CHF_EUR,1,1.38965
200341,CZ27F5 COM P 12/99,DERIVATIVES,Buy,B,2009-06-18 20:47:58,1000,1.1,DE000CZ27F50,Germany,EUR,1100,Trading,CHF_EUR,1,1.3901
200341,DB3EX1 DB P 07/09,DERIVATIVES,Sell,S,2009-06-18 20:51:17,1000,0.57,DE000DB3EX19,Germany,EUR,570,Trading,CHF_EUR,1,1.38952
200341,CZ27F5 COM P 12/99,DERIVATIVES,Sell,S,2009-06-18 20:51:44,1000,1.11,DE000CZ27F50,Germany,EUR,1110,Trading,CHF_EUR,1,1.38945
200341,CM084G COM C 07/09,DERIVATIVES,Buy,B,2009-07-02 17:54:38,5000,0.06,DE000CM084G4,Germany,EUR,300,Trading,CHF_EUR,1,1.40066
200341,CM084G COM C 07/09,DERIVATIVES,Sell,S,2009-07-02 17:55:25,5000,0.06,DE000CM084G4,Germany,EUR,300,Trading,CHF_EUR,1,1.40069
200341,UBS N,SHARE,Sell,S,2009-07-15 15:11:12,16,14,CH00248994831,SIX Swiss Exchange (SIX-Europe),CHF,224,Trading,CHF_CHF,0.659208,0.929203
200341,HOLCIM ANR-90716,DERIVATIVES,Sell,S,2009-07-17 11:45:37,5,2.07,CH01025290021,SIX Swiss Exchange (SIX-Europe),CHF,10.35,Trading,CHF_CHF,0.658002,0.928548
200341,ABB LTD N,SHARE,Buy,B,2009-07-21 10:43:13,1,17.87,CH00122217161,SIX Swiss Exchange (SIX-Europe),CHF,17.87,Trading,CHF_CHF,0.658154,0.935585
200341,ABB LTD N,SHARE,Buy,B,2009-07-21 10:52:25,1,17.89,CH00122217161,SIX Swiss Exchange (SIX-Europe),CHF,17.89,Trading,CHF_CHF,0.658232,0.935619
200341,ROCHE GS,SHARE,Sell,S,2009-07-30 15:20:20,1,167,CH00120320481,SIX Swiss Exchange (SIX-Europe),CHF,167,Trading,CHF_CHF,0.652801,0.91802
200341,,OTHER,Cash_in,I,2009-07-31 04:21:20,1,37.45,,,CHF,37.45,Income,CHF_CHF,0.652485,0.921489
200341,ABB LTD N,SHARE,Sell,S,2009-07-31 15:11:59,1,19.3,CH00122217161,SIX Swiss Exchange (SIX-Europe),CHF,19.3,Trading,CHF_CHF,0.653372,0.921981
200341,YAHOO! ORD,SHARE,Buy,B,2009-07-31 15:30:03,10,14.74,US9843321061,NASDAQ New York,USD,147.4,Trading,CHF_USD,0.707784,1
200341,BALOISE N,SHARE,Sell,S,2009-08-04 11:37:12,20,85.85,CH00124105171,SIX Swiss Exchange (SIX-Europe),CHF,1717,Trading,CHF_CHF,0.653129,0.939911
200341,,OTHER,Cash_in,I,2009-08-13 04:22:30,1,0.1,,,EUR,0.1,Income,CHF_EUR,1,1.4222
200341,SWISSQUOTE N,SHARE,Buy,B,2009-08-19 13:34:43,1,56,CH00106758634,SIX Swiss Exchange,CHF,56,Trading,CHF_CHF,0.658935,0.930622
200341,SWISSQUOTE N,SHARE,Buy,B,2009-08-19 13:35:26,1,56,CH00106758634,SIX Swiss Exchange,CHF,56,Trading,CHF_CHF,0.658935,0.930838
200341,SWISSQUOTE N,SHARE,Buy,B,2009-08-19 17:01:22,1,55.6,CH00106758634,SIX Swiss Exchange,CHF,55.6,Trading,CHF_CHF,0.6598,0.938218
200341,ABB LTD N,SHARE,Sell,S,2009-08-28 13:51:10,1,20.62,CH00122217161,SIX Swiss Exchange (SIX-Europe),CHF,20.62,Trading,CHF_CHF,0.659069,0.94696
200341,SWISSQUOTE N,SHARE,Sell,S,2009-09-02 11:26:24,3,52.55,CH00106758634,SIX Swiss Exchange,CHF,157.65,Trading,CHF_CHF,0.659195,0.937602
200341,ROGLF CS C 12/11,DERIVATIVES,Buy,B,2009-09-04 09:51:33,1000,0.07,CH00363793594,SIX Swiss Exchange,CHF,70,Trading,CHF_CHF,0.659935,0.94232
200341,ROGLF CS C 12/11,DERIVATIVES,Sell,S,2009-09-04 09:52:10,1000,0.06,CH00363793594,SIX Swiss Exchange,CHF,60,Trading,CHF_CHF,0.659913,0.942258
200341,BC VAUD N,SHARE,Buy,B,2009-09-18 10:33:35,1,414,CH00152517104,SIX Swiss Exchange,CHF,414,Trading,CHF_CHF,0.65963,0.967632
200341,BC VAUD N,SHARE,Buy,B,2009-09-22 15:07:28,1,420,CH00152517104,SIX Swiss Exchange,CHF,420,Trading,CHF_CHF,0.660262,0.97724
200341,LAFARGEHOLCIM N,SHARE,Sell,S,2009-09-22 15:16:31,5,71.7,CH00122140591,SIX Swiss Exchange (SIX-Europe),CHF,358.5,Trading,CHF_CHF,0.660427,0.978034
200341,EFBEY EFG C 06/11,BONDS,Buy,B,2009-09-23 09:33:53,1000,1.0521,CH00399759554,SIX Swiss Exchange,AUD,1052.1,Trading,CHF_AUD,0.591152,0.8743
200341,EFBEY EFG C 06/11,BONDS,Sell,S,2009-09-23 09:52:39,1000,1.0421,CH00399759554,SIX Swiss Exchange,AUD,1042.1,Trading,CHF_AUD,0.59174,0.87555
200341,LAFARGEHOLCIM N,SHARE,Buy,B,2009-09-24 09:07:16,10,71.15,CH00122140591,SIX Swiss Exchange (SIX-Europe),CHF,711.5,Trading,CHF_CHF,0.660956,0.975533
200341,DAY N,SHARE,Sell,S,2009-09-24 09:21:34,10,39.85,CH00104742184,SIX Swiss Exchange,CHF,398.5,Trading,CHF_CHF,0.661353,0.975828
200341,ABB LTD N,SHARE,Sell,S,2009-09-24 10:27:27,2,21.36,CH00122217161,SIX Swiss Exchange (SIX-Europe),CHF,42.72,Trading,CHF_CHF,0.661296,0.975058
