CLIENT,NAME,PRODUCT_TYPE,ACTION,ACTION,DATE_TRANSACTION,QTY,UNIT_PRICE,ISIN_CODE,STOCK_LIBELLE,CURRENCY,TOTAL_AMOUNT,ACTION_TYPE,'CHF_'||CURRENCY,RATE_EUR,RATE_USD
Persona2,ABB LTD N,SHARE,Buy,B,2023-10-24 09:18:13,40,29.87,CH00122217164,SIX Swiss Exchange,CHF,1194.8,Trading,CHF_CHF,1.051519,1.123627
Persona2,ABB LTD N,SHARE,Sell,S,2023-11-03 16:04:36,7,31.23,CH00122217164,SIX Swiss Exchange,CHF,218.61,Trading,CHF_CHF,1.037915,1.112638
Persona2,ABB LTD N,SHARE,Buy,B,2023-10-09 10:58:53,29,32.88,CH00122217164,SIX Swiss Exchange,CHF,953.52,Trading,CHF_CHF,1.041791,1.098153
Persona2,ABB LTD N,SHARE,Sell,S,2023-10-16 11:48:32,29,32.74,CH00122217164,SIX Swiss Exchange,CHF,949.46,Trading,CHF_CHF,1.051387,1.107653
Persona2,NESTLE N,SHARE,Sell,S,2023-11-03 16:04:58,3,99.89,CH00388633504,SIX Swiss Exchange,CHF,299.67,Trading,CHF_CHF,1.037899,1.112638
Persona2,NESTLE N,SHARE,Buy,B,2023-10-24 10:27:53,15,97.46,CH00388633504,SIX Swiss Exchange,CHF,1461.9,Trading,CHF_CHF,1.052914,1.12151
Persona2,RICHEMONT N,SHARE,Buy,B,2023-10-19 09:54:42,9,105.35,CH02104833324,SIX Swiss Exchange,CHF,948.15,Trading,CHF_CHF,1.054802,1.111568
Persona2,RWE ORD,SHARE,Sell,S,2023-10-05 10:56:17,25,32.98,DE0007037129,Germany,EUR,824.5,Trading,CHF_EUR,1,1.050435
Persona2,RWE ORD,SHARE,Buy,B,2023-10-03 09:33:04,25,33.12,DE0007037129,Germany,EUR,828,Trading,CHF_EUR,1,1.04716
Persona2,MERCEDES-BENZ GROUP N ORD,SHARE,Buy,B,2023-10-09 10:58:13,20,63.35,DE0007100000,Germany,EUR,1267,Trading,CHF_EUR,1,1.05399
Persona2,MERCEDES-BENZ GROUP N ORD,SHARE,Sell,S,2023-10-20 09:57:44,20,62.81,DE0007100000,Germany,EUR,1256.2,Trading,CHF_EUR,1,1.05736
Persona2,MERCEDES-BENZ GROUP N ORD,SHARE,Sell,S,2023-10-19 09:47:29,10,62.78,DE0007100000,Germany,EUR,627.8,Trading,CHF_EUR,1,1.05383
Persona2,MERCEDES-BENZ GROUP N ORD,SHARE,Buy,B,2023-10-16 12:58:18,10,64.28,DE0007100000,Germany,EUR,642.8,Trading,CHF_EUR,1,1.05321
Persona2,MUENCHENER RUECKVER N ORD,SHARE,Sell,S,2023-10-20 12:29:23,3,371,DE0008430026,Germany,EUR,1113,Trading,CHF_EUR,1,1.0587
Persona2,MUENCHENER RUECKVER N ORD,SHARE,Buy,B,2023-10-19 09:48:42,3,372.5,DE0008430026,Germany,EUR,1117.5,Trading,CHF_EUR,1,1.05382
Persona2,DR ING HC F PORSCHE PRF,SHARE,Buy,B,2023-10-09 10:58:35,12,88.38,DE000PAG9113,Germany,EUR,1060.56,Trading,CHF_EUR,1,1.0539
Persona2,DR ING HC F PORSCHE PRF,SHARE,Sell,S,2023-10-23 11:20:13,12,87.68,DE000PAG9113,Germany,EUR,1052.16,Trading,CHF_EUR,1,1.061075
Persona2,Cardano,OTHER,Buy,crB,2023-08-07 12:28:05,1,133.05,EX0X00ADA000,Digital Asset Market,EUR,133.05,Trading,CHF_EUR,1,1.09672
Persona2,Cardano,OTHER,Sell,crS,2023-10-25 21:59:20,1,265.5,EX0X00ADA000,Digital Asset Market,EUR,265.5,Trading,CHF_EUR,1,1.056805
Persona2,Cardano,OTHER,Sell,crS,2023-08-30 11:10:27,1,65.85,EX0X00ADA000,Digital Asset Market,EUR,65.85,Trading,CHF_EUR,1,1.08757
Persona2,Cardano,OTHER,Sell,crS,2023-08-30 11:10:27,1,56.1,EX0X00ADA000,Digital Asset Market,EUR,56.1,Trading,CHF_EUR,1,1.08757
Persona2,Cardano,OTHER,Buy,crB,2023-10-25 16:06:05,1,267.7,EX0X00ADA000,Digital Asset Market,EUR,267.7,Trading,CHF_EUR,1,1.057825
Persona2,Audius,OTHER,Buy,crB,2023-08-09 22:54:17,1,428.78,EX0X00ADI000,Digital Asset Market,EUR,428.78,Trading,CHF_EUR,1,1.09732
Persona2,Audius,OTHER,Buy,crB,2023-08-08 12:02:20,1,177.81,EX0X00ADI000,Digital Asset Market,EUR,177.81,Trading,CHF_EUR,1,1.09703
Persona2,Audius,OTHER,Sell,crS,2023-08-22 23:28:17,1,218.4,EX0X00ADI000,Digital Asset Market,EUR,218.4,Trading,CHF_EUR,1,1.08442
Persona2,Audius,OTHER,Sell,crS,2023-08-22 23:28:14,1,341.25,EX0X00ADI000,Digital Asset Market,EUR,341.25,Trading,CHF_EUR,1,1.084425
Persona2,Audius,OTHER,Buy,crB,2023-08-07 12:32:45,1,128.17,EX0X00ADI000,Digital Asset Market,USD,128.17,Trading,CHF_USD,0.911502,1
Persona2,Bancor,OTHER,Sell,crS,2023-08-08 17:34:34,1,165.69,EX0X00BNT000,Digital Asset Market,USD,165.69,Trading,CHF_USD,0.913034,1
Persona2,Bancor,OTHER,Buy,crB,2023-08-07 12:33:54,1,156.36,EX0X00BNT000,Digital Asset Market,USD,156.36,Trading,CHF_USD,0.911382,1
Persona2,Ethereum,OTHER,Sell,crS,2023-09-28 17:27:57,1,139.09,EX0X00ETH000,Digital Asset Market,EUR,139.09,Trading,CHF_EUR,1,1.056735
Persona2,Ethereum,OTHER,Sell,crS,2023-09-28 17:28:05,1,108.18,EX0X00ETH000,Digital Asset Market,EUR,108.18,Trading,CHF_EUR,1,1.056775
Persona2,Ethereum,OTHER,Sell,crS,2023-09-28 19:25:02,1,124.43,EX0X00ETH000,Digital Asset Market,EUR,124.43,Trading,CHF_EUR,1,1.0563
Persona2,Ethereum,OTHER,Sell,crS,2023-10-10 18:35:15,1,1478.02,EX0X00ETH000,Digital Asset Market,EUR,1478.02,Trading,CHF_EUR,1,1.06177
Persona2,Ethereum,OTHER,Sell,crS,2023-10-10 18:35:27,1,591.21,EX0X00ETH000,Digital Asset Market,EUR,591.21,Trading,CHF_EUR,1,1.06166
Persona2,Ethereum,OTHER,Buy,crB,2023-10-10 18:38:28,1,1035.53,EX0X00ETH000,Digital Asset Market,EUR,1035.53,Trading,CHF_EUR,1,1.06132
Persona2,Ethereum,OTHER,Sell,crS,2023-10-11 08:30:42,1,731.65,EX0X00ETH000,Digital Asset Market,EUR,731.65,Trading,CHF_EUR,1,1.060415
Persona2,Ethereum,OTHER,Buy,crB,2023-10-24 11:30:18,1,513.15,EX0X00ETH000,Digital Asset Market,EUR,513.15,Trading,CHF_EUR,1,1.06451
Persona2,Ethereum,OTHER,Sell,crS,2023-10-09 19:01:40,1,297.48,EX0X00ETH000,Digital Asset Market,EUR,297.48,Trading,CHF_EUR,1,1.053555
Persona2,Ethereum,OTHER,Buy,crB,2023-10-09 19:01:59,1,1487.88,EX0X00ETH000,Digital Asset Market,EUR,1487.88,Trading,CHF_EUR,1,1.053625
Persona2,Ethereum,OTHER,Buy,crB,2023-10-09 19:02:01,1,595.15,EX0X00ETH000,Digital Asset Market,EUR,595.15,Trading,CHF_EUR,1,1.053625
Persona2,Ethereum,OTHER,Sell,crS,2023-10-09 19:01:39,1,1487.52,EX0X00ETH000,Digital Asset Market,EUR,1487.52,Trading,CHF_EUR,1,1.053555
Persona2,Ethereum,OTHER,Sell,crS,2023-10-08 11:12:31,1,893.28,EX0X00ETH000,Digital Asset Market,EUR,893.28,Trading,CHF_EUR,1,1.05865
Persona2,Ethereum,OTHER,Buy,crB,2023-08-08 12:19:18,1,242,EX0X00ETH000,Digital Asset Market,EUR,242,Trading,CHF_EUR,1,1.096565
Persona2,Ethereum,OTHER,Buy,crB,2023-08-08 21:31:40,1,2546.25,EX0X00ETH000,Digital Asset Market,EUR,2546.25,Trading,CHF_EUR,1,1.09599
Persona2,Ethereum,OTHER,Buy,crB,2023-08-08 12:01:27,1,666.24,EX0X00ETH000,Digital Asset Market,EUR,666.24,Trading,CHF_EUR,1,1.09707
Persona2,Ethereum,OTHER,Buy,crB,2023-08-08 12:05:33,1,91.12,EX0X00ETH000,Digital Asset Market,EUR,91.12,Trading,CHF_EUR,1,1.09678
Persona2,Ethereum,OTHER,Sell,crS,2023-09-08 17:21:29,1,1217.84,EX0X00ETH000,Digital Asset Market,EUR,1217.84,Trading,CHF_EUR,1,1.071195
Persona2,Ethereum,OTHER,Sell,crS,2023-09-25 12:31:28,1,414.18,EX0X00ETH000,Digital Asset Market,EUR,414.18,Trading,CHF_EUR,1,1.063975
Persona2,Ethereum,OTHER,Buy,crB,2023-08-07 12:30:47,1,666.8,EX0X00ETH000,Digital Asset Market,EUR,666.8,Trading,CHF_EUR,1,1.097095
Persona2,Ethereum,OTHER,Sell,crS,2023-10-06 14:14:07,1,309.52,EX0X00ETH000,Digital Asset Market,EUR,309.52,Trading,CHF_EUR,1,1.05602
Persona2,Ethereum,OTHER,Sell,crS,2023-10-31 21:47:31,1,206.27,EX0X00ETH000,Digital Asset Market,EUR,206.27,Trading,CHF_EUR,1,1.057435
Persona2,Ethereum,OTHER,Sell,crS,2023-11-01 17:44:18,1,136.43,EX0X00ETH000,Digital Asset Market,EUR,136.43,Trading,CHF_EUR,1,1.05336
Persona2,Ethereum,OTHER,Sell,crS,2023-10-19 09:46:13,1,1178.06,EX0X00ETH000,Digital Asset Market,EUR,1178.06,Trading,CHF_EUR,1,1.053835
Persona2,Ethereum,OTHER,Sell,crS,2023-10-19 10:42:39,1,1177.12,EX0X00ETH000,Digital Asset Market,EUR,1177.12,Trading,CHF_EUR,1,1.05317
Persona2,Ethereum,OTHER,Buy,crB,2023-10-16 12:58:42,1,1204.48,EX0X00ETH000,Digital Asset Market,EUR,1204.48,Trading,CHF_EUR,1,1.053225
Persona2,Ethereum,OTHER,Sell,crS,2023-09-16 22:03:35,1,210.71,EX0X00ETH000,Digital Asset Market,EUR,210.71,Trading,CHF_EUR,1,1.066065
Persona2,Ethereum,OTHER,Sell,crS,2023-10-14 13:53:41,1,588.84,EX0X00ETH000,Digital Asset Market,EUR,588.84,Trading,CHF_EUR,1,1.050775
Persona2,Ethereum,OTHER,Buy,crB,2023-10-14 20:44:12,1,739.58,EX0X00ETH000,Digital Asset Market,EUR,739.58,Trading,CHF_EUR,1,1.050775
Persona2,Ethereum,OTHER,Sell,crS,2023-10-14 14:20:44,1,294.31,EX0X00ETH000,Digital Asset Market,EUR,294.31,Trading,CHF_EUR,1,1.050775
Persona2,Ethereum,OTHER,Sell,crS,2023-09-16 22:03:35,1,401.69,EX0X00ETH000,Digital Asset Market,EUR,401.69,Trading,CHF_EUR,1,1.066065
Persona2,Ethereum,OTHER,Sell,crS,2023-10-15 13:52:10,1,444.07,EX0X00ETH000,Digital Asset Market,EUR,444.07,Trading,CHF_EUR,1,1.050775
Persona2,Ethereum,OTHER,Buy,crB,2023-10-10 18:38:22,1,1479.21,EX0X00ETH000,Digital Asset Market,EUR,1479.21,Trading,CHF_EUR,1,1.06131
Persona2,Ethereum,OTHER,Buy,crB,2023-10-25 16:02:58,1,338.52,EX0X00ETH000,Digital Asset Market,EUR,338.52,Trading,CHF_EUR,1,1.057425
Persona2,Ethereum,OTHER,Buy,crB,2023-10-09 11:00:40,1,1614.52,EX0X00ETH000,Digital Asset Market,USD,1614.52,Trading,CHF_USD,0.948578,1
Persona2,Ethereum,OTHER,Buy,crB,2023-10-09 11:00:40,1,322.92,EX0X00ETH000,Digital Asset Market,USD,322.92,Trading,CHF_USD,0.948578,1
Persona2,Ethereum,OTHER,Buy,crB,2023-10-23 13:14:48,1,1171.74,EX0X00ETH000,Digital Asset Market,USD,1171.74,Trading,CHF_USD,0.942654,1
Persona2,Hedera Hashgraph,OTHER,Sell,crS,2023-08-29 11:09:09,1,99.2,EX0X00HBR000,Digital Asset Market,EUR,99.2,Trading,CHF_EUR,1,1.08072
Persona2,Hedera Hashgraph,OTHER,Buy,crB,2023-08-07 12:27:41,1,101.74,EX0X00HBR000,Digital Asset Market,EUR,101.74,Trading,CHF_EUR,1,1.0968
Persona2,Hedera Hashgraph,OTHER,Sell,crS,2023-09-15 09:18:34,1,304.85,EX0X00HBR000,Digital Asset Market,EUR,304.85,Trading,CHF_EUR,1,1.06552
Persona2,Hedera Hashgraph,OTHER,Buy,crB,2023-09-11 19:52:39,1,299.98,EX0X00HBR000,Digital Asset Market,USD,299.98,Trading,CHF_USD,0.930605,1
Persona2,Solana,OTHER,Sell,crS,2023-08-26 12:14:03,1,2.93,EX0X00SOL000,Digital Asset Market,EUR,2.93,Trading,CHF_EUR,1,1.07952
Persona2,Solana,OTHER,Sell,crS,2023-08-26 12:11:27,1,99.68,EX0X00SOL000,Digital Asset Market,EUR,99.68,Trading,CHF_EUR,1,1.07952
Persona2,Solana,OTHER,Sell,crS,2023-09-11 20:38:32,1,94.14,EX0X00SOL000,Digital Asset Market,EUR,94.14,Trading,CHF_EUR,1,1.07505
Persona2,Solana,OTHER,Buy,crB,2023-11-03 14:50:06,1,621.38,EX0X00SOL000,Digital Asset Market,EUR,621.38,Trading,CHF_EUR,1,1.071905
Persona2,Solana,OTHER,Buy,crB,2023-08-09 22:53:05,1,57.59,EX0X00SOL000,Digital Asset Market,EUR,57.59,Trading,CHF_EUR,1,1.0973
Persona2,Solana,OTHER,Buy,crB,2023-08-09 22:53:05,1,47.84,EX0X00SOL000,Digital Asset Market,EUR,47.84,Trading,CHF_EUR,1,1.0973
Persona2,Solana,OTHER,Sell,crS,2023-08-26 12:14:11,1,273.19,EX0X00SOL000,Digital Asset Market,EUR,273.19,Trading,CHF_EUR,1,1.07952
Persona2,Solana,OTHER,Sell,crS,2023-09-11 20:38:32,1,729.36,EX0X00SOL000,Digital Asset Market,EUR,729.36,Trading,CHF_EUR,1,1.07505
Persona2,Solana,OTHER,Buy,crB,2023-08-09 22:53:05,1,279.25,EX0X00SOL000,Digital Asset Market,EUR,279.25,Trading,CHF_EUR,1,1.0973
Persona2,Solana,OTHER,Buy,crB,2023-08-09 22:53:05,1,614.32,EX0X00SOL000,Digital Asset Market,EUR,614.32,Trading,CHF_EUR,1,1.0973
Persona2,Solana,OTHER,Buy,crB,2023-08-07 12:29:24,1,282.54,EX0X00SOL000,Digital Asset Market,EUR,282.54,Trading,CHF_EUR,1,1.097095
Persona2,Solana,OTHER,Buy,crB,2023-08-07 12:27:58,1,31.86,EX0X00SOL000,Digital Asset Market,EUR,31.86,Trading,CHF_EUR,1,1.09674
Persona2,Solana,OTHER,Sell,crS,2023-08-30 11:09:28,1,746.17,EX0X00SOL000,Digital Asset Market,EUR,746.17,Trading,CHF_EUR,1,1.087475
Persona2,Solana,OTHER,Sell,crS,2023-08-30 11:09:28,1,49.83,EX0X00SOL000,Digital Asset Market,EUR,49.83,Trading,CHF_EUR,1,1.087475
Persona2,Solana,OTHER,Buy,crB,2023-09-11 19:52:19,1,443.5,EX0X00SOL000,Digital Asset Market,USD,443.5,Trading,CHF_USD,0.9306,1
Persona2,Solana,OTHER,Buy,crB,2023-09-11 19:52:19,1,443.5,EX0X00SOL000,Digital Asset Market,USD,443.5,Trading,CHF_USD,0.9306,1
Persona2,Bitcoin,OTHER,Sell,crS,2023-09-27 05:32:43,1,248.38,EX0X00XBT000,Digital Asset Market,EUR,248.38,Trading,CHF_EUR,1,1.05641
Persona2,Bitcoin,OTHER,Buy,crB,2023-10-24 09:23:37,1,1268.46,EX0X00XBT000,Digital Asset Market,EUR,1268.46,Trading,CHF_EUR,1,1.06862
Persona2,Bitcoin,OTHER,Sell,crS,2023-09-25 09:18:44,1,245.18,EX0X00XBT000,Digital Asset Market,EUR,245.18,Trading,CHF_EUR,1,1.065035
Persona2,Bitcoin,OTHER,Sell,crS,2023-10-22 11:43:30,1,282.51,EX0X00XBT000,Digital Asset Market,EUR,282.51,Trading,CHF_EUR,1,1.05941
Persona2,Bitcoin,OTHER,Buy,crB,2023-08-08 21:29:21,1,1632.14,EX0X00XBT000,Digital Asset Market,EUR,1632.14,Trading,CHF_EUR,1,1.09601
Persona2,Bitcoin,OTHER,Sell,crS,2023-09-09 23:50:57,1,653.05,EX0X00XBT000,Digital Asset Market,EUR,653.05,Trading,CHF_EUR,1,1.070025
Persona2,Bitcoin,OTHER,Buy,crB,2023-10-23 10:07:00,1,575.43,EX0X00XBT000,Digital Asset Market,EUR,575.43,Trading,CHF_EUR,1,1.060535
Persona2,Bitcoin,OTHER,Buy,crB,2023-08-07 12:29:27,1,529.02,EX0X00XBT000,Digital Asset Market,EUR,529.02,Trading,CHF_EUR,1,1.097085
Persona2,Bitcoin,OTHER,Buy,crB,2023-08-08 21:29:21,1,1092.36,EX0X00XBT000,Digital Asset Market,EUR,1092.36,Trading,CHF_EUR,1,1.09601
Persona2,Bitcoin,OTHER,Buy,crB,2023-10-21 19:36:40,1,509.48,EX0X00XBT000,Digital Asset Market,EUR,509.48,Trading,CHF_EUR,1,1.05941
Persona2,Bitcoin,OTHER,Sell,crS,2023-10-22 11:20:22,1,565.56,EX0X00XBT000,Digital Asset Market,EUR,565.56,Trading,CHF_EUR,1,1.05941
Persona2,Bitcoin,OTHER,Buy,crB,2023-08-07 13:16:38,1,476.17,EX0X00XBT000,Digital Asset Market,EUR,476.17,Trading,CHF_EUR,1,1.09778
Persona2,Bitcoin,OTHER,Buy,crB,2023-08-07 13:16:03,1,52.07,EX0X00XBT000,Digital Asset Market,EUR,52.07,Trading,CHF_EUR,1,1.09772
Persona2,Bitcoin,OTHER,Buy,crB,2023-08-07 13:17:40,1,0.83,EX0X00XBT000,Digital Asset Market,EUR,0.83,Trading,CHF_EUR,1,1.09777
Persona2,Bitcoin,OTHER,Sell,crS,2023-09-07 10:28:02,1,720.33,EX0X00XBT000,Digital Asset Market,EUR,720.33,Trading,CHF_EUR,1,1.07104
Persona2,Bitcoin,OTHER,Buy,crB,2023-10-18 19:24:56,1,538.86,EX0X00XBT000,Digital Asset Market,EUR,538.86,Trading,CHF_EUR,1,1.05511
Persona2,Bitcoin,OTHER,Buy,crB,2023-10-19 09:46:42,1,1074.72,EX0X00XBT000,Digital Asset Market,EUR,1074.72,Trading,CHF_EUR,1,1.053625
Persona2,Bitcoin,OTHER,Buy,crB,2023-10-30 12:38:13,1,3264.5,EX0X00XBT000,Digital Asset Market,EUR,3264.5,Trading,CHF_EUR,1,1.05859
Persona2,Bitcoin,OTHER,Buy,crB,2023-10-16 12:57:43,1,2637.62,EX0X00XBT000,Digital Asset Market,EUR,2637.62,Trading,CHF_EUR,1,1.05332
Persona2,Bitcoin,OTHER,Sell,crS,2023-09-15 09:19:31,1,747.39,EX0X00XBT000,Digital Asset Market,EUR,747.39,Trading,CHF_EUR,1,1.065365
Persona2,Bitcoin,OTHER,Buy,crB,2023-10-13 18:19:45,1,1017.44,EX0X00XBT000,Digital Asset Market,EUR,1017.44,Trading,CHF_EUR,1,1.051145
Persona2,Bitcoin,OTHER,Sell,crS,2023-09-28 22:47:15,1,253.84,EX0X00XBT000,Digital Asset Market,EUR,253.84,Trading,CHF_EUR,1,1.056575
Persona2,Bitcoin,OTHER,Buy,crB,2023-09-29 14:15:14,1,1269.88,EX0X00XBT000,Digital Asset Market,EUR,1269.88,Trading,CHF_EUR,1,1.05963
Persona2,Bitcoin,OTHER,Buy,crB,2023-09-11 19:53:11,1,1006.84,EX0X00XBT000,Digital Asset Market,USD,1006.84,Trading,CHF_USD,0.930622,1
Persona2,Stellar Lumens,OTHER,Sell,crS,2023-08-26 12:08:57,1,101.35,EX0X00XLM000,Digital Asset Market,EUR,101.35,Trading,CHF_EUR,1,1.07952
Persona2,Stellar Lumens,OTHER,Sell,crS,2023-08-26 12:09:32,1,60.13,EX0X00XLM000,Digital Asset Market,EUR,60.13,Trading,CHF_EUR,1,1.07952
Persona2,Stellar Lumens,OTHER,Sell,crS,2023-08-26 12:09:32,1,2.39,EX0X00XLM000,Digital Asset Market,EUR,2.39,Trading,CHF_EUR,1,1.07952
Persona2,Stellar Lumens,OTHER,Sell,crS,2023-08-26 12:10:11,1,0.68,EX0X00XLM000,Digital Asset Market,EUR,0.68,Trading,CHF_EUR,1,1.07952
Persona2,Stellar Lumens,OTHER,Buy,crB,2023-08-09 22:55:44,1,71.54,EX0X00XLM000,Digital Asset Market,EUR,71.54,Trading,CHF_EUR,1,1.09737
Persona2,Stellar Lumens,OTHER,Sell,crS,2023-08-26 12:08:57,1,35.3,EX0X00XLM000,Digital Asset Market,EUR,35.3,Trading,CHF_EUR,1,1.07952
Persona2,Stellar Lumens,OTHER,Sell,crS,2023-08-26 12:09:32,1,300.64,EX0X00XLM000,Digital Asset Market,EUR,300.64,Trading,CHF_EUR,1,1.07952
Persona2,Stellar Lumens,OTHER,Sell,crS,2023-08-26 12:09:32,1,11.96,EX0X00XLM000,Digital Asset Market,EUR,11.96,Trading,CHF_EUR,1,1.07952
Persona2,Stellar Lumens,OTHER,Buy,crB,2023-08-09 22:55:48,1,513.76,EX0X00XLM000,Digital Asset Market,EUR,513.76,Trading,CHF_EUR,1,1.09737
Persona2,XRP,OTHER,Sell,crS,2023-10-10 18:37:04,1,2329.5,EX0X00XRP000,Digital Asset Market,EUR,2329.5,Trading,CHF_EUR,1,1.06152
Persona2,XRP,OTHER,Buy,crB,2023-10-10 16:39:37,1,2342.3,EX0X00XRP000,Digital Asset Market,EUR,2342.3,Trading,CHF_EUR,1,1.06016
Persona2,XRP,OTHER,Buy,crB,2023-10-10 18:39:17,1,2333.1,EX0X00XRP000,Digital Asset Market,EUR,2333.1,Trading,CHF_EUR,1,1.06135
Persona2,XRP,OTHER,Sell,crS,2023-10-10 16:39:10,1,2341.25,EX0X00XRP000,Digital Asset Market,EUR,2341.25,Trading,CHF_EUR,1,1.060275
Persona2,XRP,OTHER,Sell,crS,2023-10-09 19:02:41,1,2358,EX0X00XRP000,Digital Asset Market,EUR,2358,Trading,CHF_EUR,1,1.05362
Persona2,XRP,OTHER,Buy,crB,2023-10-09 10:57:13,1,965.4,EX0X00XRP000,Digital Asset Market,EUR,965.4,Trading,CHF_EUR,1,1.05397
Persona2,XRP,OTHER,Buy,crB,2023-10-09 19:05:41,1,2361.5,EX0X00XRP000,Digital Asset Market,EUR,2361.5,Trading,CHF_EUR,1,1.05361
Persona2,XRP,OTHER,Buy,crB,2023-11-02 20:03:07,1,572.79,EX0X00XRP000,Digital Asset Market,EUR,572.79,Trading,CHF_EUR,1,1.06263
Persona2,XRP,OTHER,Sell,crS,2023-10-09 19:02:57,1,801.72,EX0X00XRP000,Digital Asset Market,EUR,801.72,Trading,CHF_EUR,1,1.053665
Persona2,XRP,OTHER,Buy,crB,2023-08-08 12:01:51,1,280.2,EX0X00XRP000,Digital Asset Market,EUR,280.2,Trading,CHF_EUR,1,1.097085
Persona2,XRP,OTHER,Sell,crS,2023-10-23 11:44:45,1,1090.91,EX0X00XRP000,Digital Asset Market,EUR,1090.91,Trading,CHF_EUR,1,1.0602
Persona2,XRP,OTHER,Buy,crB,2023-10-23 11:21:05,1,1100.48,EX0X00XRP000,Digital Asset Market,EUR,1100.48,Trading,CHF_EUR,1,1.06109
Persona2,XRP,OTHER,Buy,crB,2023-08-08 13:13:04,1,394.87,EX0X00XRP000,Digital Asset Market,EUR,394.87,Trading,CHF_EUR,1,1.09522
Persona2,XRP,OTHER,Sell,crS,2023-10-21 15:19:51,1,973.04,EX0X00XRP000,Digital Asset Market,EUR,973.04,Trading,CHF_EUR,1,1.05941
Persona2,XRP,OTHER,Buy,crB,2023-08-07 12:26:23,1,168.54,EX0X00XRP000,Digital Asset Market,EUR,168.54,Trading,CHF_EUR,1,1.0969
Persona2,XRP,OTHER,Buy,crB,2023-08-08 17:44:27,1,114.8,EX0X00XRP000,Digital Asset Market,EUR,114.8,Trading,CHF_EUR,1,1.0951
Persona2,XRP,OTHER,Sell,crS,2023-10-19 10:35:18,1,2271.05,EX0X00XRP000,Digital Asset Market,EUR,2271.05,Trading,CHF_EUR,1,1.053765
Persona2,XRP,OTHER,Sell,crS,2023-10-19 10:35:18,1,454.2,EX0X00XRP000,Digital Asset Market,EUR,454.2,Trading,CHF_EUR,1,1.053765
Persona2,XRP,OTHER,Sell,crS,2023-10-17 07:29:27,1,465.61,EX0X00XRP000,Digital Asset Market,EUR,465.61,Trading,CHF_EUR,1,1.05455
Persona2,XRP,OTHER,Sell,crS,2023-10-28 18:56:04,1,518.4,EX0X00XRP000,Digital Asset Market,EUR,518.4,Trading,CHF_EUR,1,1.05646
Persona2,XRP,OTHER,Buy,crB,2023-10-16 12:59:04,1,938.44,EX0X00XRP000,Digital Asset Market,EUR,938.44,Trading,CHF_EUR,1,1.05321
Persona2,XRP,OTHER,Buy,crB,2023-10-26 18:45:03,1,518.5,EX0X00XRP000,Digital Asset Market,EUR,518.5,Trading,CHF_EUR,1,1.05306
Persona2,XRP,OTHER,Sell,crS,2023-08-30 11:09:57,1,585.24,EX0X00XRP000,Digital Asset Market,EUR,585.24,Trading,CHF_EUR,1,1.087475
Persona2,XRP,OTHER,Sell,crS,2023-10-12 10:10:16,1,1808.8,EX0X00XRP000,Digital Asset Market,EUR,1808.8,Trading,CHF_EUR,1,1.0621
Persona2,XRP,OTHER,Buy,crB,2023-10-13 18:11:41,1,457.23,EX0X00XRP000,Digital Asset Market,EUR,457.23,Trading,CHF_EUR,1,1.05092
Persona2,XRP,OTHER,Sell,crS,2023-08-30 11:09:57,1,243.85,EX0X00XRP000,Digital Asset Market,EUR,243.85,Trading,CHF_EUR,1,1.087475
Persona2,XRP,OTHER,Buy,crB,2023-09-29 14:14:54,1,1263.58,EX0X00XRP000,Digital Asset Market,EUR,1263.58,Trading,CHF_EUR,1,1.05963
Persona2,XRP,OTHER,Buy,crB,2023-10-12 11:26:19,1,1344.03,EX0X00XRP000,Digital Asset Market,EUR,1344.03,Trading,CHF_EUR,1,1.06238
Persona2,XRP,OTHER,Buy,crB,2023-10-25 08:00:16,1,1098.7,EX0X00XRP000,Digital Asset Market,USD,1098.7,Trading,CHF_USD,0.943294,1
Persona2,XRP,OTHER,Buy,crB,2023-09-11 19:52:20,1,1039.94,EX0X00XRP000,Digital Asset Market,USD,1039.94,Trading,CHF_USD,0.9306,1
Persona2,XRP,OTHER,Buy,crB,2023-10-20 20:19:58,1,1040.36,EX0X00XRP000,Digital Asset Market,USD,1040.36,Trading,CHF_USD,0.944323,1
Persona2,0x,OTHER,Sell,crS,2023-08-26 12:09:14,1,57.38,EX0X00ZRX000,Digital Asset Market,EUR,57.38,Trading,CHF_EUR,1,1.07952
Persona2,0x,OTHER,Sell,crS,2023-08-26 12:09:14,1,22.32,EX0X00ZRX000,Digital Asset Market,EUR,22.32,Trading,CHF_EUR,1,1.07952
Persona2,0x,OTHER,Buy,crB,2023-08-07 12:28:51,1,26.49,EX0X00ZRX000,Digital Asset Market,EUR,26.49,Trading,CHF_EUR,1,1.096855
Persona2,0x,OTHER,Buy,crB,2023-08-07 12:28:51,1,40.74,EX0X00ZRX000,Digital Asset Market,EUR,40.74,Trading,CHF_EUR,1,1.096855
Persona2,0x,OTHER,Buy,crB,2023-08-07 12:28:51,1,34.65,EX0X00ZRX000,Digital Asset Market,EUR,34.65,Trading,CHF_EUR,1,1.096855
Persona2,VEOLIA ENVIRONNEMENT VE ORD,SHARE,Sell,S,2023-10-19 09:53:26,20,25.53,FR0000124141,Euronext Paris,EUR,510.6,Trading,CHF_EUR,1,1.053995
Persona2,VEOLIA ENVIRONNEMENT VE ORD,SHARE,Sell,S,2023-10-19 09:47:03,20,25.51,FR0000124141,Euronext Paris,EUR,510.2,Trading,CHF_EUR,1,1.053715
Persona2,VEOLIA ENVIRONNEMENT VE ORD,SHARE,Buy,B,2023-10-16 13:00:20,40,25.88,FR0000124141,Euronext Paris,EUR,1035.2,Trading,CHF_EUR,1,1.053155
Persona2,LINDE ORD,SHARE,Buy,B,2023-10-10 10:58:06,4,354.5,IE000S9YS762,Germany,EUR,1418,Trading,CHF_EUR,1,1.06041
Persona2,LINDE ORD,SHARE,Sell,S,2023-10-23 11:54:35,2.5,342.2,IE000S9YS762,Germany,EUR,855.5,Trading,CHF_EUR,1,1.059455
Persona2,LINDE ORD,SHARE,Sell,S,2023-10-20 09:58:27,1.5,347.25,IE000S9YS762,Germany,EUR,520.875,Trading,CHF_EUR,1,1.057125
Persona2,ENI ORD,SHARE,Sell,S,2023-10-16 16:40:18,70,15.504,IT0003132476,Milano exchange,EUR,1085.28,Trading,CHF_EUR,1,1.054645
Persona2,ENI ORD,SHARE,Buy,B,2023-10-16 13:01:36,70,15.558,IT0003132476,Milano exchange,EUR,1089.06,Trading,CHF_EUR,1,1.05316
Persona2,GLENCORE ORD,SHARE,Buy,B,2023-10-09 10:59:42,300,4.468,JE00B4T3BW64,London SETS,GBP,1340.4,Trading,CHF_GBP,1.155208,1.217786
Persona2,GLENCORE ORD,SHARE,Sell,S,2023-10-23 10:02:41,220,4.269,JE00B4T3BW64,London SETS,GBP,939.18,Trading,CHF_GBP,1.147809,1.21651
Persona2,GLENCORE ORD,SHARE,Sell,S,2023-10-20 11:49:48,80,4.4315,JE00B4T3BW64,London SETS,GBP,354.52,Trading,CHF_GBP,1.144453,1.211571
Persona2,GLENCORE ORD,SHARE,Sell,S,2023-10-20 09:58:50,100,4.454,JE00B4T3BW64,London SETS,GBP,445.4,Trading,CHF_GBP,1.145187,1.21055
Persona2,GLENCORE ORD,SHARE,Buy,B,2023-10-16 13:01:51,100,4.6305,JE00B4T3BW64,London SETS,GBP,463.05,Trading,CHF_GBP,1.153948,1.215311
Persona2,AIRBUS ORD,SHARE,Buy,B,2023-10-24 09:17:08,4,123.18,NL0000235190,Euronext Paris,EUR,492.72,Trading,CHF_EUR,1,1.06823
Persona2,AIRBUS ORD,SHARE,Sell,S,2023-11-03 16:05:20,2,129.1,NL0000235190,Euronext Paris,EUR,258.2,Trading,CHF_EUR,1,1.071985
Persona2,AIRBUS ORD,SHARE,Buy,B,2023-10-20 12:30:16,8,121.7,NL0000235190,Euronext Paris,EUR,973.6,Trading,CHF_EUR,1,1.058545
Persona2,AIRBUS ORD,SHARE,Buy,B,2023-10-03 09:32:08,8,124.82,NL0000235190,Euronext Paris,EUR,998.56,Trading,CHF_EUR,1,1.0471
Persona2,AIRBUS ORD,SHARE,Sell,S,2023-10-16 11:48:49,8,121.84,NL0000235190,Euronext Paris,EUR,974.72,Trading,CHF_EUR,1,1.05355
Persona2,AT&T ORD,SHARE,Buy,B,2023-10-09 18:52:38,50,14.66,US00206R1023,New York Stock Exchange (NYSE),USD,733,Trading,CHF_USD,0.94896,1
Persona2,AT&T ORD,SHARE,Sell,S,2023-11-03 17:57:16,15,15.93,US00206R1023,New York Stock Exchange (NYSE),USD,238.95,Trading,CHF_USD,0.931428,1
Persona2,AT&T ORD,SHARE,Buy,B,2023-09-11 20:39:31,70,14.52,US00206R1023,New York Stock Exchange (NYSE),USD,1016.4,Trading,CHF_USD,0.930202,1
Persona2,AT&T ORD,SHARE,Sell,S,2023-10-18 19:16:42,20,14.47,US00206R1023,New York Stock Exchange (NYSE),USD,289.4,Trading,CHF_USD,0.947629,1
Persona2,AT&T ORD,SHARE,Sell,S,2023-10-16 16:31:50,60,14.34,US00206R1023,New York Stock Exchange (NYSE),USD,860.4,Trading,CHF_USD,0.948416,1
Persona2,AT&T ORD,SHARE,Buy,B,2023-10-13 18:12:03,40,14.41,US00206R1023,New York Stock Exchange (NYSE),USD,576.4,Trading,CHF_USD,0.951574,1
Persona2,AT&T ORD,SHARE,Buy,B,2023-10-25 16:02:16,20,15.45,US00206R1023,New York Stock Exchange (NYSE),USD,309,Trading,CHF_USD,0.94585,1
Persona2,AMAZON COM ORD,SHARE,Buy,B,2023-09-11 20:39:14,10,142.55,US0231351067,NASDAQ New York,USD,1425.5,Trading,CHF_USD,0.930181,1
Persona2,AMAZON COM ORD,SHARE,Sell,S,2023-09-21 15:57:08,7.5,130.54,US0231351067,NASDAQ New York,USD,979.05,Trading,CHF_USD,0.939448,1
Persona2,AMAZON COM ORD,SHARE,Sell,S,2023-09-20 15:39:57,2.5,138.88,US0231351067,NASDAQ New York,USD,347.2,Trading,CHF_USD,0.933851,1
Persona2,AMAZON COM ORD,SHARE,Buy,B,2023-10-26 18:45:13,10,118.69,US0231351067,NASDAQ New York,USD,1186.9,Trading,CHF_USD,0.949645,1
Persona2,APPLE ORD,SHARE,Buy,B,2023-10-24 17:51:25,5,172.63,US0378331005,NASDAQ New York,USD,863.15,Trading,CHF_USD,0.94426,1
Persona2,APPLE ORD,SHARE,Buy,B,2023-10-09 18:56:22,10,177.63,US0378331005,NASDAQ New York,USD,1776.3,Trading,CHF_USD,0.949091,1
Persona2,APPLE ORD,SHARE,Sell,S,2023-10-19 21:22:30,4,175.67,US0378331005,NASDAQ New York,USD,702.68,Trading,CHF_USD,0.944711,1
Persona2,APPLE ORD,SHARE,Sell,S,2023-10-18 19:16:11,3,177.2,US0378331005,NASDAQ New York,USD,531.6,Trading,CHF_USD,0.947858,1
Persona2,APPLE ORD,SHARE,Buy,B,2023-10-16 16:32:07,4,178.75,US0378331005,NASDAQ New York,USD,715,Trading,CHF_USD,0.948375,1
Persona2,APPLE ORD,SHARE,Sell,S,2023-10-26 18:41:19,8,166.31,US0378331005,NASDAQ New York,USD,1330.48,Trading,CHF_USD,0.949469,1
Persona2,APPLE ORD,SHARE,Buy,B,2023-10-26 18:41:32,6,166.35,US0378331005,NASDAQ New York,USD,998.1,Trading,CHF_USD,0.949519,1
Persona2,APPLE ORD,SHARE,Sell,S,2023-10-25 20:32:53,8,171.33,US0378331005,NASDAQ New York,USD,1370.64,Trading,CHF_USD,0.945917,1
Persona2,APPLE ORD,SHARE,Buy,B,2023-10-25 20:33:22,8,171.45,US0378331005,NASDAQ New York,USD,1371.6,Trading,CHF_USD,0.945877,1
Persona2,APPLE ORD,SHARE,Sell,S,2023-10-25 15:57:43,4,171.18,US0378331005,NASDAQ New York,USD,684.72,Trading,CHF_USD,0.945189,1
Persona2,BANK OF AMERICA ORD,SHARE,Sell,S,2023-10-24 17:45:32,35,25.51,US0605051046,New York Stock Exchange (NYSE),USD,892.85,Trading,CHF_USD,0.944532,1
Persona2,BANK OF AMERICA ORD,SHARE,Buy,B,2023-10-09 17:39:00,50,25.97,US0605051046,New York Stock Exchange (NYSE),USD,1298.5,Trading,CHF_USD,0.948083,1
Persona2,BANK OF AMERICA ORD,SHARE,Buy,B,2023-10-18 19:13:23,18,27.59,US0605051046,New York Stock Exchange (NYSE),USD,496.62,Trading,CHF_USD,0.947917,1
Persona2,BANK OF AMERICA ORD,SHARE,Sell,S,2023-10-25 18:11:41,33,25.4,US0605051046,New York Stock Exchange (NYSE),USD,838.2,Trading,CHF_USD,0.944952,1
Persona2,BEYOND MEAT ORD,SHARE,Sell,S,2023-10-18 17:08:07,120,8.06,US08862E1091,NASDAQ New York,USD,967.2,Trading,CHF_USD,0.948861,1
Persona2,BEYOND MEAT ORD,SHARE,Buy,B,2023-10-16 18:15:23,120,8.69,US08862E1091,NASDAQ New York,USD,1042.8,Trading,CHF_USD,0.94838,1
Persona2,BLACKROCK ORD,SHARE,Buy,B,2023-10-09 18:59:25,3,642.49,US09247X1019,New York Stock Exchange (NYSE),USD,1927.47,Trading,CHF_USD,0.949145,1
Persona2,BLACKROCK ORD,SHARE,Sell,S,2023-10-13 18:08:20,3,628.07,US09247X1019,New York Stock Exchange (NYSE),USD,1884.21,Trading,CHF_USD,0.951833,1
Persona2,CHEVRON ORD,SHARE,Sell,S,2023-10-24 15:48:37,14.4115,160.11,US1667641005,New York Stock Exchange (NYSE),USD,2307.425265,Trading,CHF_USD,0.943152,1
Persona2,CHEVRON ORD,SHARE,Buy,B,2023-10-09 18:53:20,5,166.57,US1667641005,New York Stock Exchange (NYSE),USD,832.85,Trading,CHF_USD,0.94905,1
Persona2,CHEVRON ORD,SHARE,Buy,B,2023-08-08 16:41:49,10,157.6,US1667641005,New York Stock Exchange (NYSE),USD,1576,Trading,CHF_USD,0.913476,1
Persona2,CHEVRON ORD,SHARE,Buy,B,2023-10-18 19:13:01,3,169.46,US1667641005,New York Stock Exchange (NYSE),USD,508.38,Trading,CHF_USD,0.947921,1
Persona2,CHEVRON ORD,SHARE,Sell,S,2023-09-05 18:03:07,3.5885,167.2,US1667641005,New York Stock Exchange (NYSE),USD,599.9972,Trading,CHF_USD,0.93211,1
Persona2,COCA-COLA ORD,SHARE,Buy,B,2023-08-08 16:42:14,18,60.67,US1912161007,New York Stock Exchange (NYSE),USD,1092.06,Trading,CHF_USD,0.913309,1
Persona2,COCA-COLA ORD,SHARE,Sell,S,2023-09-01 15:43:36,18,59.86,US1912161007,New York Stock Exchange (NYSE),USD,1077.48,Trading,CHF_USD,0.920658,1
Persona2,COINBASE GLOBAL CL A ORD,SHARE,Buy,B,2023-09-11 19:52:39,10,80.5,US19260Q1076,NASDAQ New York,USD,805,Trading,CHF_USD,0.930618,1
Persona2,COINBASE GLOBAL CL A ORD,SHARE,Sell,S,2023-09-20 15:39:58,10,78.48,US19260Q1076,NASDAQ New York,USD,784.8,Trading,CHF_USD,0.933851,1
Persona2,COMCAST CL A ORD,SHARE,Buy,B,2023-08-08 16:42:35,25,45.41,US20030N1019,NASDAQ New York,USD,1135.25,Trading,CHF_USD,0.913321,1
Persona2,COMCAST CL A ORD,SHARE,Sell,S,2023-09-05 16:16:54,25,45.35,US20030N1019,NASDAQ New York,USD,1133.75,Trading,CHF_USD,0.932966,1
Persona2,CROWDSTRIKE HOLDINGS CL A ORD,SHARE,Buy,B,2023-10-30 14:40:36,5,174.99,US22788C1053,NASDAQ New York,USD,874.95,Trading,CHF_USD,0.943005,1
Persona2,WALT DISNEY ORD,SHARE,Sell,S,2023-10-24 20:33:14,17,82.39,US2546871060,New York Stock Exchange (NYSE),USD,1400.63,Trading,CHF_USD,0.944341,1
Persona2,WALT DISNEY ORD,SHARE,Buy,B,2023-10-09 18:52:17,8,84.14,US2546871060,New York Stock Exchange (NYSE),USD,673.12,Trading,CHF_USD,0.948974,1
Persona2,WALT DISNEY ORD,SHARE,Buy,B,2023-09-11 20:44:18,9,82.79,US2546871060,New York Stock Exchange (NYSE),USD,745.11,Trading,CHF_USD,0.93044,1
Persona2,EXXON MOBIL ORD,SHARE,Sell,S,2023-10-11 18:58:49,14,105.21,US30231G1022,New York Stock Exchange (NYSE),USD,1472.94,Trading,CHF_USD,0.9428,1
Persona2,EXXON MOBIL ORD,SHARE,Buy,B,2023-10-11 18:59:09,17,105.23,US30231G1022,New York Stock Exchange (NYSE),USD,1788.91,Trading,CHF_USD,0.942756,1
Persona2,EXXON MOBIL ORD,SHARE,Buy,B,2023-10-09 19:00:30,14,110.42,US30231G1022,New York Stock Exchange (NYSE),USD,1545.88,Trading,CHF_USD,0.94914,1
Persona2,EXXON MOBIL ORD,SHARE,Sell,S,2023-10-30 19:15:55,6,105.41,US30231G1022,New York Stock Exchange (NYSE),USD,632.46,Trading,CHF_USD,0.942054,1
Persona2,EXXON MOBIL ORD,SHARE,Sell,S,2023-10-27 18:01:11,7,105.62,US30231G1022,New York Stock Exchange (NYSE),USD,739.34,Trading,CHF_USD,0.944042,1
Persona2,EXXON MOBIL ORD,SHARE,Sell,S,2023-10-26 18:44:10,8,107.05,US30231G1022,New York Stock Exchange (NYSE),USD,856.4,Trading,CHF_USD,0.949577,1
Persona2,EXXON MOBIL ORD,SHARE,Buy,B,2023-10-13 18:18:04,4,109.71,US30231G1022,New York Stock Exchange (NYSE),USD,438.84,Trading,CHF_USD,0.951244,1
Persona2,FEDEX ORD,SHARE,Buy,B,2023-10-09 17:40:32,5,254.44,US31428X1063,New York Stock Exchange (NYSE),USD,1272.2,Trading,CHF_USD,0.948371,1
Persona2,FEDEX ORD,SHARE,Sell,S,2023-10-13 18:18:29,5,246.97,US31428X1063,New York Stock Exchange (NYSE),USD,1234.85,Trading,CHF_USD,0.951303,1
Persona2,FORTINET ORD,SHARE,Sell,S,2023-11-03 14:45:40,12,46.81,US34959E1091,NASDAQ New York,USD,561.72,Trading,CHF_USD,0.932575,1
Persona2,FORTINET ORD,SHARE,Sell,S,2023-11-02 17:12:13,3,57.54,US34959E1091,NASDAQ New York,USD,172.62,Trading,CHF_USD,0.941793,1
Persona2,FORTINET ORD,SHARE,Buy,B,2023-10-30 14:41:19,15,56.42,US34959E1091,NASDAQ New York,USD,846.3,Trading,CHF_USD,0.942965,1
Persona2,GENERAL MILLS ORD,SHARE,Sell,S,2023-10-09 18:55:40,15,63.08,US3703341046,New York Stock Exchange (NYSE),USD,946.2,Trading,CHF_USD,0.949095,1
Persona2,GENERAL MILLS ORD,SHARE,Buy,B,2023-09-11 20:40:26,15,65.96,US3703341046,New York Stock Exchange (NYSE),USD,989.4,Trading,CHF_USD,0.930189,1
Persona2,INTEL ORD,SHARE,Sell,S,2023-10-24 17:46:30,25,34.32,US4581401001,NASDAQ New York,USD,858,Trading,CHF_USD,0.944412,1
Persona2,INTEL ORD,SHARE,Buy,B,2023-08-08 16:43:23,35,34.29,US4581401001,NASDAQ New York,USD,1200.15,Trading,CHF_USD,0.913229,1
Persona2,INTEL ORD,SHARE,Sell,S,2023-10-20 20:20:32,30,35.05,US4581401001,NASDAQ New York,USD,1051.5,Trading,CHF_USD,0.944234,1
Persona2,INTEL ORD,SHARE,Buy,B,2023-10-16 16:43:42,20,36.71,US4581401001,NASDAQ New York,USD,734.2,Trading,CHF_USD,0.948083,1
Persona2,INTEL ORD,SHARE,Buy,B,2023-10-26 18:43:04,35,32.29,US4581401001,NASDAQ New York,USD,1130.15,Trading,CHF_USD,0.949632,1
Persona2,INTEL ORD,SHARE,Sell,S,2023-10-26 18:42:51,40,32.29,US4581401001,NASDAQ New York,USD,1291.6,Trading,CHF_USD,0.949632,1
Persona2,INTEL ORD,SHARE,Buy,B,2023-09-29 15:39:57,20,35.66,US4581401001,NASDAQ New York,USD,713.2,Trading,CHF_USD,0.944675,1
Persona2,INTEL ORD,SHARE,Buy,B,2023-10-25 20:32:22,40,32.79,US4581401001,NASDAQ New York,USD,1311.6,Trading,CHF_USD,0.945935,1
Persona2,INTEL ORD,SHARE,Sell,S,2023-10-25 20:31:53,30,32.77,US4581401001,NASDAQ New York,USD,983.1,Trading,CHF_USD,0.946025,1
Persona2,INTEL ORD,SHARE,Buy,B,2023-10-13 18:20:00,20,36.08,US4581401001,NASDAQ New York,USD,721.6,Trading,CHF_USD,0.951339,1
Persona2,INTEL ORD,SHARE,Sell,S,2023-10-25 15:58:07,10,33.76,US4581401001,NASDAQ New York,USD,337.6,Trading,CHF_USD,0.945193,1
Persona2,JPMORGAN CHASE ORD,SHARE,Sell,S,2023-10-16 18:04:50,8,147.59,US46625H1005,New York Stock Exchange (NYSE),USD,1180.72,Trading,CHF_USD,0.948641,1
Persona2,JPMORGAN CHASE ORD,SHARE,Buy,B,2023-10-13 18:07:41,8,150.69,US46625H1005,New York Stock Exchange (NYSE),USD,1205.52,Trading,CHF_USD,0.951783,1
Persona2,JOHNSON & JOHNSON ORD,SHARE,Buy,B,2023-09-12 17:59:11,8,163.25,US4781601046,New York Stock Exchange (NYSE),USD,1306,Trading,CHF_USD,0.932418,1
Persona2,JOHNSON & JOHNSON ORD,SHARE,Sell,S,2023-10-09 18:55:10,8,157.57,US4781601046,New York Stock Exchange (NYSE),USD,1260.56,Trading,CHF_USD,0.949028,1
Persona2,JOHNSON & JOHNSON ORD,SHARE,Buy,B,2023-08-08 16:43:47,7,172.46,US4781601046,New York Stock Exchange (NYSE),USD,1207.22,Trading,CHF_USD,0.913192,1
Persona2,JOHNSON & JOHNSON ORD,SHARE,Sell,S,2023-09-01 15:44:14,7,161.78,US4781601046,New York Stock Exchange (NYSE),USD,1132.46,Trading,CHF_USD,0.920509,1
Persona2,KRAFT HEINZ ORD,SHARE,Buy,B,2023-10-24 15:49:44,40,31.53,US5007541064,NASDAQ New York,USD,1261.2,Trading,CHF_USD,0.943561,1
Persona2,KRAFT HEINZ ORD,SHARE,Buy,B,2023-10-09 17:37:15,45,32.22,US5007541064,NASDAQ New York,USD,1449.9,Trading,CHF_USD,0.948025,1
Persona2,KRAFT HEINZ ORD,SHARE,Sell,S,2023-11-02 20:02:36,20,33.57,US5007541064,NASDAQ New York,USD,671.4,Trading,CHF_USD,0.941106,1
Persona2,KRAFT HEINZ ORD,SHARE,Buy,B,2023-08-08 16:44:08,30,34.24,US5007541064,NASDAQ New York,USD,1027.2,Trading,CHF_USD,0.913121,1
Persona2,KRAFT HEINZ ORD,SHARE,Sell,S,2023-10-31 15:30:00,20,31.4,US5007541064,NASDAQ New York,USD,628,Trading,CHF_USD,0.942654,1
Persona2,KRAFT HEINZ ORD,SHARE,Sell,S,2023-10-13 18:06:09,45,31.14,US5007541064,NASDAQ New York,USD,1401.3,Trading,CHF_USD,0.951923,1
Persona2,KRAFT HEINZ ORD,SHARE,Sell,S,2023-08-30 15:39:59,30,33.81,US5007541064,NASDAQ New York,USD,1014.3,Trading,CHF_USD,0.91524,1
Persona2,ELI LILLY ORD,SHARE,Buy,B,2023-09-11 20:38:03,2,595.84,US5324571083,New York Stock Exchange (NYSE),USD,1191.68,Trading,CHF_USD,0.930185,1
Persona2,ELI LILLY ORD,SHARE,Sell,S,2023-10-09 18:56:55,2,571.02,US5324571083,New York Stock Exchange (NYSE),USD,1142.04,Trading,CHF_USD,0.949059,1
Persona2,MICROSOFT ORD,SHARE,Buy,B,2023-10-09 18:51:15,4,328.22,US5949181045,NASDAQ New York,USD,1312.88,Trading,CHF_USD,0.948825,1
Persona2,MICROSOFT ORD,SHARE,Buy,B,2023-10-09 19:01:18,7,328.08,US5949181045,NASDAQ New York,USD,2296.56,Trading,CHF_USD,0.94914,1
Persona2,MICROSOFT ORD,SHARE,Buy,B,2023-09-11 19:55:00,5,337.88,US5949181045,NASDAQ New York,USD,1689.4,Trading,CHF_USD,0.930652,1
Persona2,MICROSOFT ORD,SHARE,Sell,S,2023-10-09 19:01:06,7,328.06,US5949181045,NASDAQ New York,USD,2296.42,Trading,CHF_USD,0.949149,1
Persona2,MICROSOFT ORD,SHARE,Buy,B,2023-08-08 21:28:10,7,325.13,US5949181045,NASDAQ New York,USD,2275.91,Trading,CHF_USD,0.912375,1
Persona2,MICROSOFT ORD,SHARE,Sell,S,2023-09-25 15:39:56,2,317.06,US5949181045,NASDAQ New York,USD,634.12,Trading,CHF_USD,0.943112,1
Persona2,MICROSOFT ORD,SHARE,Buy,B,2023-10-19 21:23:44,2,331.64,US5949181045,NASDAQ New York,USD,663.28,Trading,CHF_USD,0.944608,1
Persona2,MICROSOFT ORD,SHARE,Sell,S,2023-09-05 16:17:50,7,328.94,US5949181045,NASDAQ New York,USD,2302.58,Trading,CHF_USD,0.932888,1
Persona2,MICROSOFT ORD,SHARE,Buy,B,2023-10-16 16:40:46,3,335.18,US5949181045,NASDAQ New York,USD,1005.54,Trading,CHF_USD,0.94815,1
Persona2,MICROSOFT ORD,SHARE,Sell,S,2023-10-26 18:42:20,12,327.24,US5949181045,NASDAQ New York,USD,3926.88,Trading,CHF_USD,0.949496,1
Persona2,MICROSOFT ORD,SHARE,Buy,B,2023-10-26 18:42:32,10,327.33,US5949181045,NASDAQ New York,USD,3273.3,Trading,CHF_USD,0.949528,1
Persona2,MICRON TECHNOLOGY ORD,SHARE,Sell,S,2023-10-24 15:39:57,15,67.86,US5951121038,NASDAQ New York,USD,1017.9,Trading,CHF_USD,0.941841,1
Persona2,MICRON TECHNOLOGY ORD,SHARE,Buy,B,2023-10-20 20:22:25,15,67.53,US5951121038,NASDAQ New York,USD,1012.95,Trading,CHF_USD,0.944354,1
Persona2,NVIDIA ORD,SHARE,Buy,B,2023-10-24 17:51:51,2,431.19,US67066G1040,NASDAQ New York,USD,862.38,Trading,CHF_USD,0.944318,1
Persona2,NVIDIA ORD,SHARE,Buy,B,2023-10-24 15:50:29,2,428.77,US67066G1040,NASDAQ New York,USD,857.54,Trading,CHF_USD,0.943285,1
Persona2,NVIDIA ORD,SHARE,Buy,B,2023-08-08 21:27:33,5,446.73,US67066G1040,NASDAQ New York,USD,2233.65,Trading,CHF_USD,0.912292,1
Persona2,NVIDIA ORD,SHARE,Sell,S,2023-09-21 15:57:22,5,414.52,US67066G1040,NASDAQ New York,USD,2072.6,Trading,CHF_USD,0.939329,1
Persona2,NVIDIA ORD,SHARE,Sell,S,2023-10-26 16:34:31,2,410.07,US67066G1040,NASDAQ New York,USD,820.14,Trading,CHF_USD,0.949221,1
Persona2,NVIDIA ORD,SHARE,Sell,S,2023-10-26 15:54:58,2,412.25,US67066G1040,NASDAQ New York,USD,824.5,Trading,CHF_USD,0.947885,1
Persona2,PALANTIR TECHNOLOGIES CL A ORD,SHARE,Buy,B,2023-08-08 21:25:42,100,16.99,US69608A1088,New York Stock Exchange (NYSE),USD,1699,Trading,CHF_USD,0.912259,1
Persona2,PALANTIR TECHNOLOGIES CL A ORD,SHARE,Sell,S,2023-08-15 20:54:19,70,15.48,US69608A1088,New York Stock Exchange (NYSE),USD,1083.6,Trading,CHF_USD,0.916872,1
Persona2,PALANTIR TECHNOLOGIES CL A ORD,SHARE,Sell,S,2023-08-29 15:58:30,30,14.79,US69608A1088,New York Stock Exchange (NYSE),USD,443.7,Trading,CHF_USD,0.925519,1
Persona2,PAYPAL HOLDINGS ORD,SHARE,Sell,S,2023-10-09 18:53:48,20,57.12,US70450Y1038,NASDAQ New York,USD,1142.4,Trading,CHF_USD,0.949014,1
Persona2,PAYPAL HOLDINGS ORD,SHARE,Buy,B,2023-09-11 19:53:57,20,62.16,US70450Y1038,NASDAQ New York,USD,1243.2,Trading,CHF_USD,0.930648,1
Persona2,PAYPAL HOLDINGS ORD,SHARE,Buy,B,2023-08-08 21:25:10,40,63.21,US70450Y1038,NASDAQ New York,USD,2528.4,Trading,CHF_USD,0.912292,1
Persona2,PAYPAL HOLDINGS ORD,SHARE,Sell,S,2023-08-21 18:31:22,20,59.14,US70450Y1038,NASDAQ New York,USD,1182.8,Trading,CHF_USD,0.917579,1
Persona2,PAYPAL HOLDINGS ORD,SHARE,Sell,S,2023-09-05 16:17:25,20,63.83,US70450Y1038,NASDAQ New York,USD,1276.6,Trading,CHF_USD,0.933062,1
Persona2,PEPSICO ORD,SHARE,Buy,B,2023-08-08 16:44:49,6,184.93,US7134481081,NASDAQ New York,USD,1109.58,Trading,CHF_USD,0.913167,1
Persona2,PEPSICO ORD,SHARE,Sell,S,2023-08-30 15:39:55,6,181.93,US7134481081,NASDAQ New York,USD,1091.58,Trading,CHF_USD,0.915219,1
Persona2,QUALCOMM ORD,SHARE,Buy,B,2023-08-08 21:24:27,18,117.5,US7475251036,NASDAQ New York,USD,2115,Trading,CHF_USD,0.912338,1
Persona2,QUALCOMM ORD,SHARE,Sell,S,2023-09-01 15:43:18,9,114.73,US7475251036,NASDAQ New York,USD,1032.57,Trading,CHF_USD,0.920713,1
Persona2,QUALCOMM ORD,SHARE,Sell,S,2023-08-15 20:54:37,9,112.17,US7475251036,NASDAQ New York,USD,1009.53,Trading,CHF_USD,0.91688,1
Persona2,SNOWFLAKE CL A ORD,SHARE,Buy,B,2023-10-24 15:47:36,8,151.6,US8334451098,New York Stock Exchange (NYSE),USD,1212.8,Trading,CHF_USD,0.943085,1
Persona2,SNOWFLAKE CL A ORD,SHARE,Sell,S,2023-10-18 19:12:36,5,155.34,US8334451098,New York Stock Exchange (NYSE),USD,776.7,Trading,CHF_USD,0.947926,1
Persona2,SNOWFLAKE CL A ORD,SHARE,Sell,S,2023-10-26 18:41:45,10,139.21,US8334451098,New York Stock Exchange (NYSE),USD,1392.1,Trading,CHF_USD,0.949559,1
Persona2,SNOWFLAKE CL A ORD,SHARE,Buy,B,2023-10-26 18:42:08,8,139.23,US8334451098,New York Stock Exchange (NYSE),USD,1113.84,Trading,CHF_USD,0.949564,1
Persona2,SNOWFLAKE CL A ORD,SHARE,Sell,S,2023-10-25 20:31:20,8,142.59,US8334451098,New York Stock Exchange (NYSE),USD,1140.72,Trading,CHF_USD,0.945971,1
Persona2,SNOWFLAKE CL A ORD,SHARE,Buy,B,2023-10-25 20:31:38,10,142.69,US8334451098,New York Stock Exchange (NYSE),USD,1426.9,Trading,CHF_USD,0.946011,1
Persona2,SNOWFLAKE CL A ORD,SHARE,Buy,B,2023-10-13 18:20:53,5,158.54,US8334451098,New York Stock Exchange (NYSE),USD,792.7,Trading,CHF_USD,0.951312,1
Persona2,TESLA ORD,SHARE,Sell,S,2023-10-20 20:18:03,5,212.23,US88160R1014,NASDAQ New York,USD,1061.15,Trading,CHF_USD,0.944572,1
Persona2,TESLA ORD,SHARE,Buy,B,2023-10-19 18:46:55,7,219.7,US88160R1014,NASDAQ New York,USD,1537.9,Trading,CHF_USD,0.945913,1
Persona2,TESLA ORD,SHARE,Sell,S,2023-10-19 21:24:14,2,217.28,US88160R1014,NASDAQ New York,USD,434.56,Trading,CHF_USD,0.944564,1
Persona2,3M ORD,SHARE,Buy,B,2023-08-08 16:39:18,10,102.74,US88579Y1010,New York Stock Exchange (NYSE),USD,1027.4,Trading,CHF_USD,0.913505,1
Persona2,3M ORD,SHARE,Sell,S,2023-09-05 16:17:09,10,107.38,US88579Y1010,New York Stock Exchange (NYSE),USD,1073.8,Trading,CHF_USD,0.932945,1
Persona2,VERIZON COMMUNICATIONS ORD,SHARE,Sell,S,2023-10-09 18:54:31,65,31.26,US92343V1044,New York Stock Exchange (NYSE),USD,2031.9,Trading,CHF_USD,0.949055,1
Persona2,VERIZON COMMUNICATIONS ORD,SHARE,Buy,B,2023-09-11 19:49:41,30,33.93,US92343V1044,New York Stock Exchange (NYSE),USD,1017.9,Trading,CHF_USD,0.930553,1
Persona2,VERIZON COMMUNICATIONS ORD,SHARE,Buy,B,2023-10-09 18:54:52,40,31.28,US92343V1044,New York Stock Exchange (NYSE),USD,1251.2,Trading,CHF_USD,0.94905,1
Persona2,VERIZON COMMUNICATIONS ORD,SHARE,Buy,B,2023-08-08 16:45:11,35,32.61,US92343V1044,New York Stock Exchange (NYSE),USD,1141.35,Trading,CHF_USD,0.9132,1
Persona2,VERIZON COMMUNICATIONS ORD,SHARE,Buy,B,2023-10-19 21:23:10,20,31.6,US92343V1044,New York Stock Exchange (NYSE),USD,632,Trading,CHF_USD,0.944653,1
Persona2,VERIZON COMMUNICATIONS ORD,SHARE,Buy,B,2023-10-18 19:15:20,28,31.15,US92343V1044,New York Stock Exchange (NYSE),USD,872.2,Trading,CHF_USD,0.947611,1
Persona2,VERIZON COMMUNICATIONS ORD,SHARE,Sell,S,2023-10-13 18:18:18,40,30.9,US92343V1044,New York Stock Exchange (NYSE),USD,1236,Trading,CHF_USD,0.951294,1
Persona2,WARNER BROS. DISCOVERY SRS A O,SHARE,Sell,S,2023-10-09 18:51:34,65,10.26,US9344231041,NASDAQ New York,USD,666.9,Trading,CHF_USD,0.948915,1
Persona2,WARNER BROS. DISCOVERY SRS A O,SHARE,Buy,B,2023-09-11 19:50:27,90,11.67,US9344231041,NASDAQ New York,USD,1050.3,Trading,CHF_USD,0.930574,1
Persona2,WARNER BROS. DISCOVERY SRS A O,SHARE,Sell,S,2023-10-06 19:02:54,25,10.26,US9344231041,NASDAQ New York,USD,256.5,Trading,CHF_USD,0.945055,1
Persona2,,OTHER,Debit_card,CC,2023-07-31 05:02:50,1,-22.27,,,CHF,-22.27,Payment,CHF_CHF,1.04196,1.147908
Persona2,,OTHER,Debit_card,CC,2023-07-31 05:03:15,1,-128.57,,,CHF,-128.57,Payment,CHF_CHF,1.041905,1.147737
Persona2,,OTHER,Debit_card,CC,2023-07-31 05:03:06,1,-54.74,,,CHF,-54.74,Payment,CHF_CHF,1.041878,1.147789
Persona2,,OTHER,Debit_card,CC,2023-07-29 05:03:43,1,-10.96,,,CHF,-10.96,Payment,CHF_CHF,1.042737,1.148759
Persona2,,OTHER,Debit_card,CC,2023-07-29 05:03:49,1,-48.58,,,CHF,-48.58,Payment,CHF_CHF,1.042737,1.148759
Persona2,,OTHER,Debit_card,CC,2023-07-29 05:03:20,1,-22.92,,,CHF,-22.92,Payment,CHF_CHF,1.042737,1.148759
Persona2,,OTHER,Debit_card,CC,2023-08-14 05:02:23,1,-21.12,,,CHF,-21.12,Payment,CHF_CHF,1.042155,1.139212
Persona2,,OTHER,Debit_card,CC,2023-08-14 05:02:29,1,-140.59,,,CHF,-140.59,Payment,CHF_CHF,1.042166,1.139186
Persona2,,OTHER,Debit_card,CC,2023-08-14 05:21:27,1,-89.47,,,CHF,-89.47,Payment,CHF_CHF,1.042188,1.139335
Persona2,,OTHER,Debit_card,CC,2023-09-13 05:16:52,1,-5.6,,,CHF,-5.6,Payment,CHF_CHF,1.042791,1.120762
Persona2,,OTHER,Debit_card,CC,2023-09-13 05:32:48,1,-22,,,CHF,-22,Payment,CHF_CHF,1.042981,1.120932
Persona2,,OTHER,Debit_card,CC,2023-09-14 05:03:52,1,-82.47,,,CHF,-82.47,Payment,CHF_CHF,1.043319,1.120825
Persona2,,OTHER,Debit_card,CC,2023-09-29 05:34:26,1,-23.19,,,CHF,-23.19,Payment,CHF_CHF,1.034404,1.094116
Persona2,,OTHER,Cash_out,O,2023-10-11 08:56:14,1,242.2,,,CHF,242.2,Payment,CHF_CHF,1.042085,1.105871
Persona2,,OTHER,Debit_card,CC,2023-10-25 06:26:36,1,-29.63,,,CHF,-29.63,Payment,CHF_CHF,1.056357,1.120003
Persona2,,OTHER,Cash_out,O,2023-07-28 07:02:05,1,19.24,,,CHF,19.24,Payment,CHF_CHF,1.048993,1.151
Persona2,,OTHER,Debit_card,CC,2023-07-29 05:03:14,1,-3547.57,,,CHF,-3547.57,Payment,CHF_CHF,1.042737,1.148759
Persona2,,OTHER,Debit_card,CC,2023-08-11 05:01:10,1,61.81,,,CHF,61.81,Payment,CHF_CHF,1.038713,1.14139
Persona2,,OTHER,Debit_card,CC,2023-08-12 05:03:35,1,-35.83,,,CHF,-35.83,Payment,CHF_CHF,1.042226,1.140895
Persona2,,OTHER,Debit_card,CC,2023-08-12 05:03:35,1,-38.04,,,CHF,-38.04,Payment,CHF_CHF,1.042226,1.140895
Persona2,,OTHER,Debit_card,CC,2023-09-12 05:07:27,1,-362.52,,,CHF,-362.52,Payment,CHF_CHF,1.044021,1.122209
Persona2,,OTHER,Debit_card,CC,2023-09-13 05:08:02,1,-98,,,CHF,-98,Payment,CHF_CHF,1.042753,1.120724
Persona2,,OTHER,Debit_card,CC,2023-09-12 05:24:10,1,-36.4,,,CHF,-36.4,Payment,CHF_CHF,1.04419,1.122259
Persona2,,OTHER,Debit_card,CC,2023-09-13 05:08:34,1,-380.35,,,CHF,-380.35,Payment,CHF_CHF,1.042753,1.12068
Persona2,,OTHER,Debit_card,CC,2023-09-13 05:11:53,1,-9,,,CHF,-9,Payment,CHF_CHF,1.042704,1.120618
Persona2,,OTHER,Debit_card,CC,2023-09-28 05:34:47,1,-89.7,,,CHF,-89.7,Payment,CHF_CHF,1.033752,1.085776
Persona2,,OTHER,Debit_card,CC,2023-09-28 05:38:58,1,-100,,,CHF,-100,Payment,CHF_CHF,1.033683,1.085841
Persona2,,OTHER,Cash_out,O,2023-10-11 08:27:56,1,45.66,,,CHF,45.66,Payment,CHF_CHF,1.041781,1.104875
Persona2,,OTHER,Debit_card,CC,2023-10-11 05:30:15,1,-408.97,,,CHF,-408.97,Payment,CHF_CHF,1.042682,1.105687
Persona2,,OTHER,Cash_out,O,2023-10-11 08:25:14,1,198.28,,,CHF,198.28,Payment,CHF_CHF,1.041569,1.104429
Persona2,,OTHER,Cash_out,O,2023-10-11 08:26:14,1,74.2,,,CHF,74.2,Payment,CHF_CHF,1.041678,1.104594
Persona2,,OTHER,Cash_out,O,2023-10-11 08:27:14,1,75.72,,,CHF,75.72,Payment,CHF_CHF,1.041748,1.104753
Persona2,,OTHER,Debit_card,CC,2023-08-11 05:02:35,1,-25.6,,,CHF,-25.6,Payment,CHF_CHF,1.038707,1.14152
Persona2,,OTHER,Debit_card,CC,2023-08-11 05:03:58,1,-1569.82,,,CHF,-1569.82,Payment,CHF_CHF,1.038707,1.141553
Persona2,,OTHER,Debit_card,CC,2023-08-29 05:03:16,1,-105.12,,,CHF,-105.12,Payment,CHF_CHF,1.045271,1.132413
Persona2,,OTHER,Debit_card,CC,2023-09-12 11:00:07,1,-8.6,,,CHF,-8.6,Payment,CHF_CHF,1.046633,1.121284
Persona2,,OTHER,Debit_card,CC,2023-09-12 05:03:05,1,-7.96,,,CHF,-7.96,Payment,CHF_CHF,1.043983,1.121957
Persona2,,OTHER,Debit_card,CC,2023-09-12 05:15:03,1,-1.95,,,CHF,-1.95,Payment,CHF_CHF,1.044097,1.122246
Persona2,,OTHER,Debit_card,CC,2023-09-12 05:20:20,1,-19.7,,,CHF,-19.7,Payment,CHF_CHF,1.044168,1.122127
Persona2,,OTHER,Debit_card,CC,2023-09-12 05:23:57,1,-4.5,,,CHF,-4.5,Payment,CHF_CHF,1.044185,1.122259
Persona2,,OTHER,Debit_card,CC,2023-09-13 05:17:34,1,-67,,,CHF,-67,Payment,CHF_CHF,1.04278,1.120806
Persona2,,OTHER,Debit_card,CC,2023-09-13 05:22:16,1,-5.3,,,CHF,-5.3,Payment,CHF_CHF,1.042856,1.120524
Persona2,,OTHER,Debit_card,CC,2023-09-28 05:35:00,1,-40.66,,,CHF,-40.66,Payment,CHF_CHF,1.033731,1.08577
Persona2,,OTHER,Debit_card,CC,2023-10-24 05:12:21,1,-7.87,,,CHF,-7.87,Payment,CHF_CHF,1.051248,1.123122
Persona2,,OTHER,Debit_card,CC,2023-11-03 04:15:20,1,-20.5,,,CHF,-20.5,Payment,CHF_CHF,1.039344,1.104295
Persona2,,OTHER,Debit_card,CC,2023-11-03 04:26:31,1,-5.3,,,CHF,-5.3,Payment,CHF_CHF,1.039226,1.104466
Persona2,,OTHER,Cash_in,G,2023-05-31 07:48:33,1,9301.2,,,CHF,9301.2,Income,CHF_CHF,1.029659,1.101079
Persona2,,OTHER,Debit_card,CC,2023-08-11 05:02:49,1,-32.19,,,CHF,-32.19,Payment,CHF_CHF,1.038718,1.141507
Persona2,,OTHER,Debit_card,CC,2023-08-10 05:02:26,1,-14.91,,,CHF,-14.91,Payment,CHF_CHF,1.038605,1.140407
Persona2,,OTHER,Debit_card,CC,2023-08-10 05:02:29,1,-59.96,,,CHF,-59.96,Payment,CHF_CHF,1.038605,1.140407
Persona2,,OTHER,Debit_card,CC,2023-09-12 05:34:50,1,-21,,,CHF,-21,Payment,CHF_CHF,1.044245,1.122316
Persona2,,OTHER,Debit_card,CC,2023-09-12 05:17:54,1,-6,,,CHF,-6,Payment,CHF_CHF,1.044245,1.122246
Persona2,,OTHER,Debit_card,CC,2023-09-27 05:30:48,1,-512.54,,,CHF,-512.54,Payment,CHF_CHF,1.032684,1.091
Persona2,,OTHER,Debit_card,CC,2023-09-28 05:11:12,1,-98,,,CHF,-98,Payment,CHF_CHF,1.033533,1.085228
Persona2,,OTHER,Debit_card,CC,2023-10-10 05:13:03,1,-61.25,,,CHF,-61.25,Payment,CHF_CHF,1.045522,1.104978
Persona2,,OTHER,Debit_card,CC,2023-10-23 05:06:24,1,-365.5,,,CHF,-365.5,Payment,CHF_CHF,1.057306,1.118112
Persona2,,OTHER,Debit_card,CC,2023-11-03 04:09:33,1,-98,,,CHF,-98,Payment,CHF_CHF,1.039339,1.104417
Persona2,,OTHER,Debit_card,CC,2023-11-03 04:16:56,1,-2.75,,,CHF,-2.75,Payment,CHF_CHF,1.039253,1.104265
Persona2,,OTHER,Debit_card,CC,2023-07-27 05:05:25,1,-32.36,,,CHF,-32.36,Payment,CHF_CHF,1.048152,1.163555
Persona2,,OTHER,Debit_card,CC,2023-08-10 05:02:31,1,-59.96,,,CHF,-59.96,Payment,CHF_CHF,1.038605,1.140407
Persona2,,OTHER,Debit_card,CC,2023-08-09 05:02:39,1,-14.94,,,CHF,-14.94,Payment,CHF_CHF,1.042465,1.143628
Persona2,,OTHER,Debit_card,CC,2023-08-24 10:50:11,1,-3.9,,,CHF,-3.9,Payment,CHF_CHF,1.046901,1.136725
Persona2,,OTHER,Debit_card,CC,2023-08-25 05:20:00,1,-8.2,,,CHF,-8.2,Payment,CHF_CHF,1.046217,1.128407
Persona2,,OTHER,Debit_card,CC,2023-08-25 05:31:51,1,-23,,,CHF,-23,Payment,CHF_CHF,1.046392,1.128509
Persona2,,OTHER,Debit_card,CC,2023-09-11 05:26:05,1,-100,,,CHF,-100,Payment,CHF_CHF,1.046468,1.122013
Persona2,,OTHER,Debit_card,CC,2023-09-11 05:22:25,1,-42.74,,,CHF,-42.74,Payment,CHF_CHF,1.046222,1.12185
Persona2,,OTHER,Debit_card,CC,2023-09-11 05:12:03,1,-4.45,,,CHF,-4.45,Payment,CHF_CHF,1.046031,1.121799
Persona2,,OTHER,Cash_in,G,2023-09-11 08:25:35,1,16329.25,,,CHF,16329.25,Income,CHF_CHF,1.046397,1.122297
Persona2,,OTHER,Debit_card,CC,2023-09-11 11:11:53,1,-40,,,CHF,-40,Payment,CHF_CHF,1.045976,1.121957
Persona2,,OTHER,Debit_card,CC,2023-10-07 05:20:59,1,-69.3,,,CHF,-69.3,Payment,CHF_CHF,1.038098,1.098974
Persona2,,OTHER,Cash_in,G,2023-10-09 09:15:48,1,18748.62,,,CHF,18748.62,Income,CHF_CHF,1.041423,1.096858
Persona2,,OTHER,Debit_card,CC,2023-11-02 09:55:23,1,-62.2,,,CHF,-62.2,Payment,CHF_CHF,1.041933,1.104728
Persona2,,OTHER,Debit_card,CC,2023-07-26 05:02:35,1,-18.05,,,CHF,-18.05,Payment,CHF_CHF,1.046994,1.156497
Persona2,,OTHER,Debit_card,CC,2023-08-25 05:16:27,1,-73.5,,,CHF,-73.5,Payment,CHF_CHF,1.046162,1.12842
Persona2,,OTHER,Debit_card,CC,2023-08-25 05:26:37,1,-423.22,,,CHF,-423.22,Payment,CHF_CHF,1.046403,1.128522
Persona2,,OTHER,Debit_card,CC,2023-08-25 05:20:00,1,-3,,,CHF,-3,Payment,CHF_CHF,1.046217,1.128407
Persona2,,OTHER,Debit_card,CC,2023-08-24 05:31:48,1,-13,,,CHF,-13,Payment,CHF_CHF,1.04956,1.140732
Persona2,,OTHER,Debit_card,CC,2023-08-25 05:07:54,1,-244,,,CHF,-244,Payment,CHF_CHF,1.046239,1.128554
Persona2,,OTHER,Debit_card,CC,2023-09-11 05:12:36,1,-9.5,,,CHF,-9.5,Payment,CHF_CHF,1.046052,1.121837
Persona2,,OTHER,Debit_card,CC,2023-09-11 05:10:08,1,-98,,,CHF,-98,Payment,CHF_CHF,1.046009,1.121799
Persona2,,OTHER,Debit_card,CC,2023-09-11 05:02:41,1,-96.49,,,CHF,-96.49,Payment,CHF_CHF,1.046031,1.121711
Persona2,,OTHER,Debit_card,CC,2023-09-11 05:20:07,1,-11.5,,,CHF,-11.5,Payment,CHF_CHF,1.04626,1.121932
Persona2,,OTHER,Debit_card,CC,2023-09-11 05:22:10,1,-208.73,,,CHF,-208.73,Payment,CHF_CHF,1.0462,1.121806
Persona2,,OTHER,Debit_card,CC,2023-09-11 05:22:21,1,-44.83,,,CHF,-44.83,Payment,CHF_CHF,1.046217,1.121818
Persona2,,OTHER,Debit_card,CC,2023-09-26 05:02:54,1,-8.04,,,CHF,-8.04,Payment,CHF_CHF,1.034667,1.094847
Persona2,,OTHER,Debit_card,CC,2023-10-09 05:08:51,1,-65.31,,,CHF,-65.31,Payment,CHF_CHF,1.041211,1.099354
Persona2,,OTHER,Debit_card,CC,2023-10-23 05:19:06,1,-67.67,,,CHF,-67.67,Payment,CHF_CHF,1.057094,1.118018
Persona2,,OTHER,Cash_in,G,2023-05-11 15:05:23,1,5,,,CHF,5,Income,CHF_CHF,1.025825,1.120875
Persona2,,OTHER,Debit_card,CC,2023-07-26 05:24:50,1,-10.05,,,CHF,-10.05,Payment,CHF_CHF,1.047109,1.156571
Persona2,,OTHER,Debit_card,CC,2023-07-26 05:24:54,1,-130.64,,,CHF,-130.64,Payment,CHF_CHF,1.047109,1.156557
Persona2,,OTHER,Debit_card,CC,2023-08-24 05:10:46,1,-1.8,,,CHF,-1.8,Payment,CHF_CHF,1.04934,1.140121
Persona2,,OTHER,Debit_card,CC,2023-08-24 05:20:08,1,-2.5,,,CHF,-2.5,Payment,CHF_CHF,1.04934,1.140257
Persona2,,OTHER,Debit_card,CC,2023-08-24 05:20:08,1,-2.5,,,CHF,-2.5,Payment,CHF_CHF,1.04934,1.140257
Persona2,,OTHER,Debit_card,CC,2023-08-24 10:49:43,1,-3.7,,,CHF,-3.7,Payment,CHF_CHF,1.046901,1.136803
Persona2,,OTHER,Debit_card,CC,2023-09-09 05:03:05,1,-84.72,,,CHF,-84.72,Payment,CHF_CHF,1.046545,1.119808
Persona2,,OTHER,Debit_card,CC,2023-09-25 05:17:26,1,-6.57,,,CHF,-6.57,Payment,CHF_CHF,1.034843,1.102019
Persona2,,OTHER,Debit_card,CC,2023-09-25 05:17:27,1,-43.8,,,CHF,-43.8,Payment,CHF_CHF,1.034843,1.102019
Persona2,,OTHER,Debit_card,CC,2023-10-07 05:13:11,1,-20.09,,,CHF,-20.09,Payment,CHF_CHF,1.038098,1.098974
Persona2,,OTHER,Debit_card,CC,2023-11-02 04:03:54,1,-139.77,,,CHF,-139.77,Payment,CHF_CHF,1.044965,1.107438
Persona2,,OTHER,Debit_card,CC,2023-11-02 04:03:47,1,-7.92,,,CHF,-7.92,Payment,CHF_CHF,1.04497,1.107432
Persona2,,OTHER,Debit_card,CC,2023-11-02 04:06:04,1,-35.63,,,CHF,-35.63,Payment,CHF_CHF,1.044916,1.10715
Persona2,,OTHER,Debit_card,CC,2023-11-02 09:52:00,1,-100,,,CHF,-100,Payment,CHF_CHF,1.041884,1.104832
Persona2,,OTHER,Debit_card,CC,2023-11-02 04:35:11,1,-22,,,CHF,-22,Payment,CHF_CHF,1.045194,1.107855
Persona2,,OTHER,Debit_card,CC,2023-11-02 04:15:32,1,-9,,,CHF,-9,Payment,CHF_CHF,1.045107,1.107616
Persona2,,OTHER,Debit_card,CC,2023-11-02 04:14:53,1,-9.55,,,CHF,-9.55,Payment,CHF_CHF,1.04508,1.107334
Persona2,,OTHER,Debit_card,CC,2023-11-02 04:05:31,1,-226.92,,,CHF,-226.92,Payment,CHF_CHF,1.04491,1.107174
Persona2,,OTHER,Debit_card,CC,2023-08-08 05:03:45,1,-29.97,,,CHF,-29.97,Payment,CHF_CHF,1.041667,1.144499
Persona2,,OTHER,Debit_card,CC,2023-08-08 05:04:27,1,-29.97,,,CHF,-29.97,Payment,CHF_CHF,1.04165,1.144505
Persona2,,OTHER,Debit_card,CC,2023-08-23 05:07:07,1,-98,,,CHF,-98,Payment,CHF_CHF,1.046583,1.13606
Persona2,,OTHER,Debit_card,CC,2023-10-21 05:06:42,1,-29.78,,,CHF,-29.78,Payment,CHF_CHF,1.057888,1.120543
Persona2,,OTHER,Debit_card,CC,2023-10-21 05:07:43,1,-32.59,,,CHF,-32.59,Payment,CHF_CHF,1.057888,1.120543
Persona2,,OTHER,Debit_card,CC,2023-10-20 05:08:48,1,-24.82,,,CHF,-24.82,Payment,CHF_CHF,1.059979,1.121284
Persona2,,OTHER,Debit_card,CC,2023-10-21 05:06:46,1,-67.22,,,CHF,-67.22,Payment,CHF_CHF,1.057888,1.120543
Persona2,,OTHER,Debit_card,CC,2023-11-01 04:28:57,1,-11.5,,,CHF,-11.5,Payment,CHF_CHF,1.039847,1.099239
Persona2,,OTHER,Debit_card,CC,2023-07-25 05:03:48,1,-64.88,,,CHF,-64.88,Payment,CHF_CHF,1.03902,1.151079
Persona2,,OTHER,Debit_card,CC,2023-07-25 05:03:59,1,-8.04,,,CHF,-8.04,Payment,CHF_CHF,1.03902,1.151106
Persona2,,OTHER,Cash_in,G,2023-08-07 10:55:26,1,31299.9,,,CHF,31299.9,Income,CHF_CHF,1.040079,1.141598
Persona2,,OTHER,Debit_card,CC,2023-08-23 05:01:53,1,-195.88,,,CHF,-195.88,Payment,CHF_CHF,1.046611,1.136041
Persona2,,OTHER,Debit_card,CC,2023-09-08 05:03:12,1,-37.31,,,CHF,-37.31,Payment,CHF_CHF,1.047016,1.122127
Persona2,,OTHER,Debit_card,CC,2023-09-23 05:02:24,1,-5.03,,,CHF,-5.03,Payment,CHF_CHF,1.035626,1.10253
Persona2,,OTHER,Debit_card,CC,2023-10-06 05:08:40,1,-25.14,,,CHF,-25.14,Payment,CHF_CHF,1.038713,1.095248
Persona2,,OTHER,Debit_card,CC,2023-10-06 05:10:18,1,-12.79,,,CHF,-12.79,Payment,CHF_CHF,1.038724,1.095266
Persona2,,OTHER,Debit_card,CC,2023-11-01 04:10:15,1,-89.07,,,CHF,-89.07,Payment,CHF_CHF,1.039728,1.098974
Persona2,,OTHER,Debit_card,CC,2023-11-01 04:10:23,1,-44.4,,,CHF,-44.4,Payment,CHF_CHF,1.039739,1.098974
Persona2,,OTHER,Debit_card,CC,2023-11-01 04:12:21,1,-98,,,CHF,-98,Payment,CHF_CHF,1.039679,1.098937
Persona2,,OTHER,Debit_card,CC,2023-11-01 04:08:20,1,-439.67,,,CHF,-439.67,Payment,CHF_CHF,1.039717,1.098913
Persona2,,OTHER,Debit_card,CC,2023-11-01 10:06:23,1,-100,,,CHF,-100,Payment,CHF_CHF,1.040962,1.099433
Persona2,,OTHER,Debit_card,CC,2023-08-05 05:27:06,1,-207.88,,,CHF,-207.88,Payment,CHF_CHF,1.040654,1.14564
Persona2,,OTHER,Debit_card,CC,2023-11-01 04:13:37,1,-9.1,,,CHF,-9.1,Payment,CHF_CHF,1.039701,1.098974
Persona2,,OTHER,Debit_card,CC,2023-11-01 04:14:40,1,-1.55,,,CHF,-1.55,Payment,CHF_CHF,1.039706,1.098883
Persona2,,OTHER,Debit_card,CC,2023-11-01 10:10:05,1,-42.9,,,CHF,-42.9,Payment,CHF_CHF,1.041282,1.099348
Persona2,,OTHER,Debit_card,CC,2023-11-01 04:13:13,1,-5.65,,,CHF,-5.65,Payment,CHF_CHF,1.039685,1.098974
Persona2,,OTHER,Debit_card,CC,2023-11-01 04:10:17,1,-9.97,,,CHF,-9.97,Payment,CHF_CHF,1.039739,1.098974
Persona2,,OTHER,Debit_card,CC,2023-07-24 05:15:49,1,-34.02,,,CHF,-34.02,Payment,CHF_CHF,1.037818,1.154688
Persona2,,OTHER,Debit_card,CC,2023-09-06 05:02:22,1,-7.98,,,CHF,-7.98,Payment,CHF_CHF,1.048004,1.124632
Persona2,,OTHER,Cash_in,G,2023-09-06 10:00:31,1,3000,,,CHF,3000,Income,CHF_CHF,1.047449,1.123791
Persona2,,OTHER,Debit_card,CC,2023-10-31 04:32:54,1,162,,,CHF,162,Payment,CHF_CHF,1.045353,1.107665
Persona2,,OTHER,Debit_card,CC,2023-07-24 05:03:51,1,-241.43,,,CHF,-241.43,Payment,CHF_CHF,1.037737,1.154794
Persona2,,OTHER,Debit_card,CC,2023-07-24 05:04:01,1,-129.67,,,CHF,-129.67,Payment,CHF_CHF,1.037737,1.154774
Persona2,,OTHER,Debit_card,CC,2023-08-21 05:02:18,1,-24.99,,,CHF,-24.99,Payment,CHF_CHF,1.042101,1.133877
Persona2,,OTHER,Cash_out,O,2023-09-06 07:03:14,1,3000,,,CHF,3000,Payment,CHF_CHF,1.048042,1.125214
Persona2,,OTHER,Debit_card,CC,2023-09-20 05:02:29,1,-9.98,,,CHF,-9.98,Payment,CHF_CHF,1.042421,1.113561
Persona2,,OTHER,Debit_card,CC,2023-10-18 05:11:22,1,-4.95,,,CHF,-4.95,Payment,CHF_CHF,1.051193,1.111865
Persona2,,OTHER,Debit_card,CC,2023-10-31 04:32:55,1,-8.96,,,CHF,-8.96,Payment,CHF_CHF,1.045353,1.107665
Persona2,,OTHER,Debit_card,CC,2023-10-31 04:04:51,1,-7.96,,,CHF,-7.96,Payment,CHF_CHF,1.045538,1.108248
Persona2,,OTHER,Debit_card,CC,2023-10-31 04:33:02,1,-54.79,,,CHF,-54.79,Payment,CHF_CHF,1.045342,1.107555
Persona2,,OTHER,Debit_card,CC,2023-09-04 05:02:28,1,-39.92,,,CHF,-39.92,Payment,CHF_CHF,1.048454,1.130793
Persona2,,OTHER,Debit_card,CC,2023-09-04 05:20:04,1,-34.92,,,CHF,-34.92,Payment,CHF_CHF,1.048317,1.130704
Persona2,,OTHER,Debit_card,CC,2023-09-19 05:03:32,1,-7.97,,,CHF,-7.97,Payment,CHF_CHF,1.04278,1.114194
Persona2,,OTHER,Debit_card,CC,2023-09-20 05:02:10,1,-24.98,,,CHF,-24.98,Payment,CHF_CHF,1.042421,1.11353
Persona2,,OTHER,Debit_card,CC,2023-09-20 05:02:06,1,-29.97,,,CHF,-29.97,Payment,CHF_CHF,1.042421,1.113549
Persona2,,OTHER,Debit_card,CC,2023-08-18 05:02:31,1,-2.49,,,CHF,-2.49,Payment,CHF_CHF,1.046091,1.138926
Persona2,,OTHER,Debit_card,CC,2023-08-18 05:02:54,1,-2.49,,,CHF,-2.49,Payment,CHF_CHF,1.046118,1.138855
Persona2,,OTHER,Debit_card,CC,2023-09-04 05:02:34,1,-44.28,,,CHF,-44.28,Payment,CHF_CHF,1.048454,1.130774
Persona2,,OTHER,Debit_card,CC,2023-09-04 05:02:25,1,-35.68,,,CHF,-35.68,Payment,CHF_CHF,1.048454,1.13078
Persona2,,OTHER,Debit_card,CC,2023-09-04 05:20:02,1,-52.62,,,CHF,-52.62,Payment,CHF_CHF,1.048317,1.130704
Persona2,,OTHER,Debit_card,CC,2023-10-18 05:11:12,1,-4.95,,,CHF,-4.95,Payment,CHF_CHF,1.051193,1.111902
Persona2,,OTHER,Debit_card,CC,2023-10-30 04:20:29,1,-57.69,,,CHF,-57.69,Payment,CHF_CHF,1.048432,1.107334
Persona2,,OTHER,Debit_card,CC,2023-10-30 04:20:41,1,-385.69,,,CHF,-385.69,Payment,CHF_CHF,1.048421,1.107309
Persona2,,OTHER,Debit_card,CC,2023-10-30 04:04:43,1,-12.85,,,CHF,-12.85,Payment,CHF_CHF,1.048328,1.107334
Persona2,,OTHER,Debit_card,CC,2023-10-30 04:03:08,1,-386.1,,,CHF,-386.1,Payment,CHF_CHF,1.048328,1.10734
Persona2,,OTHER,Debit_card,CC,2023-10-30 04:04:30,1,-56.51,,,CHF,-56.51,Payment,CHF_CHF,1.048328,1.107352
Persona2,,OTHER,Cash_out,O,2023-07-21 07:19:56,1,667.88,,,CHF,667.88,Payment,CHF_CHF,1.036237,1.154148
Persona2,,OTHER,Debit_card,CC,2023-08-03 05:04:02,1,-17.44,,,CHF,-17.44,Payment,CHF_CHF,1.04196,1.139186
Persona2,,OTHER,Debit_card,CC,2023-08-03 05:04:16,1,-35.66,,,CHF,-35.66,Payment,CHF_CHF,1.041981,1.139225
Persona2,,OTHER,Debit_card,CC,2023-08-03 05:04:31,1,-51.46,,,CHF,-51.46,Payment,CHF_CHF,1.041976,1.139225
Persona2,,OTHER,Debit_card,CC,2023-09-01 05:03:06,1,-74.8,,,CHF,-74.8,Payment,CHF_CHF,1.043825,1.132009
Persona2,,OTHER,Debit_card,CC,2023-10-17 06:41:53,1,-4.99,,,CHF,-4.99,Payment,CHF_CHF,1.052111,1.109656
Persona2,,OTHER,Debit_card,CC,2023-10-17 06:41:56,1,-89.07,,,CHF,-89.07,Payment,CHF_CHF,1.052111,1.109656
Persona2,,OTHER,Debit_card,CC,2023-10-28 05:07:12,1,-25.21,,,CHF,-25.21,Payment,CHF_CHF,1.048658,1.107868
Persona2,,OTHER,Debit_card,CC,2023-10-28 05:08:55,1,-494.22,,,CHF,-494.22,Payment,CHF_CHF,1.048658,1.107868
Persona2,,OTHER,Debit_card,CC,2023-10-28 05:07:26,1,-98.84,,,CHF,-98.84,Payment,CHF_CHF,1.048658,1.107868
Persona2,,OTHER,Debit_card,CC,2023-10-28 05:07:05,1,-41.32,,,CHF,-41.32,Payment,CHF_CHF,1.048658,1.107868
Persona2,,OTHER,Debit_card,CC,2023-10-30 04:20:27,1,-624.43,,,CHF,-624.43,Payment,CHF_CHF,1.048427,1.107346
Persona2,,OTHER,Debit_card,CC,2023-10-30 04:04:24,1,-22.75,,,CHF,-22.75,Payment,CHF_CHF,1.048328,1.107334
Persona2,,OTHER,Debit_card,CC,2023-07-06 05:28:18,1,-27.5,,,CHF,-27.5,Payment,CHF_CHF,1.026699,1.113288
Persona2,,OTHER,Debit_card,CC,2023-09-18 05:17:02,1,-4.98,,,CHF,-4.98,Payment,CHF_CHF,1.045009,1.114784
Persona2,,OTHER,Debit_card,CC,2023-09-18 05:02:15,1,-4.99,,,CHF,-4.99,Payment,CHF_CHF,1.045096,1.11456
Persona2,,OTHER,Debit_card,CC,2023-10-15 05:44:44,1,-76.78,,,CHF,-76.78,Payment,CHF_CHF,1.054664,1.108218
Persona2,,OTHER,Cash_in,G,2023-06-07 08:40:27,1,14994,,,CHF,14994,Income,CHF_CHF,1.031199,1.100709
Persona2,,OTHER,Debit_card,CC,2023-07-06 05:15:05,1,-83.8,,,CHF,-83.8,Payment,CHF_CHF,1.026599,1.113183
Persona2,,OTHER,Debit_card,CC,2023-07-06 05:24:57,1,-54.4,,,CHF,-54.4,Payment,CHF_CHF,1.026652,1.113214
Persona2,,OTHER,Debit_card,CC,2023-08-01 05:03:41,1,-11.88,,,CHF,-11.88,Payment,CHF_CHF,1.043291,1.146053
Persona2,,OTHER,Debit_card,CC,2023-08-02 05:04:00,1,-7.92,,,CHF,-7.92,Payment,CHF_CHF,1.040891,1.143269
Persona2,,OTHER,Debit_card,CC,2023-08-02 05:04:10,1,-7.98,,,CHF,-7.98,Payment,CHF_CHF,1.040886,1.143275
Persona2,,OTHER,Debit_card,CC,2023-09-16 05:02:57,1,-9.98,,,CHF,-9.98,Payment,CHF_CHF,1.044921,1.113989
Persona2,,OTHER,Debit_card,CC,2023-09-18 05:17:02,1,-4.98,,,CHF,-4.98,Payment,CHF_CHF,1.045009,1.114809
Persona2,,OTHER,Debit_card,CC,2023-10-27 05:04:56,1,-231.91,,,CHF,-231.91,Payment,CHF_CHF,1.053757,1.113282
Persona2,,OTHER,Debit_card,CC,2023-10-27 05:06:44,1,-14.16,,,CHF,-14.16,Payment,CHF_CHF,1.053713,1.11314
Persona2,,OTHER,Debit_card,CC,2023-07-05 05:10:50,1,-9,,,CHF,-9,Payment,CHF_CHF,1.02458,1.114572
Persona2,,OTHER,Debit_card,CC,2023-07-05 05:28:45,1,-20,,,CHF,-20,Payment,CHF_CHF,1.024454,1.114144
Persona2,,OTHER,Cash_out,O,2023-07-19 11:52:36,1,1167.34,,,CHF,1167.34,Payment,CHF_CHF,1.037748,1.165365
Persona2,,OTHER,Debit_card,CC,2023-07-31 05:03:03,1,-78.75,,,CHF,-78.75,Payment,CHF_CHF,1.04196,1.147908
Persona2,,OTHER,Debit_card,CC,2023-08-01 05:28:47,1,-45.89,,,CHF,-45.89,Payment,CHF_CHF,1.043302,1.146395
Persona2,,OTHER,Debit_card,CC,2023-08-16 05:25:47,1,-115.9,,,CHF,-115.9,Payment,CHF_CHF,1.043814,1.138719
Persona2,,OTHER,Debit_card,CC,2023-08-16 05:25:47,1,-31.69,,,CHF,-31.69,Payment,CHF_CHF,1.043814,1.138719
Persona2,,OTHER,Debit_card,CC,2023-09-15 05:02:08,1,-76.64,,,CHF,-76.64,Payment,CHF_CHF,1.049054,1.116433
Persona2,,OTHER,Debit_card,CC,2023-09-16 05:02:32,1,-4.99,,,CHF,-4.99,Payment,CHF_CHF,1.044921,1.113989
Persona2,,OTHER,Debit_card,CC,2023-09-30 05:16:13,1,-390.57,,,CHF,-390.57,Payment,CHF_CHF,1.03348,1.092747
Persona2,,OTHER,Debit_card,CC,2023-09-30 05:04:18,1,-0.38,,,CHF,-0.38,Payment,CHF_CHF,1.03348,1.092747
Persona2,,OTHER,Debit_card,CC,2023-10-26 05:06:42,1,-46.67,,,CHF,-46.67,Payment,CHF_CHF,1.056133,1.113642
Persona2,,OTHER,Debit_card,CC,2023-07-04 05:28:34,1,-150,,,CHF,-150,Payment,CHF_CHF,1.022945,1.115654
Persona2,,OTHER,Debit_card,CC,2023-07-04 05:06:20,1,-98,,,CHF,-98,Payment,CHF_CHF,1.02295,1.115486
Persona2,,OTHER,Debit_card,CC,2023-08-01 05:03:11,1,-134.9,,,CHF,-134.9,Payment,CHF_CHF,1.043275,1.146099
Persona2,,OTHER,Debit_card,CC,2023-08-01 05:03:45,1,-63.1,,,CHF,-63.1,Payment,CHF_CHF,1.043329,1.146053
Persona2,,OTHER,Debit_card,CC,2023-07-31 05:03:04,1,-36.9,,,CHF,-36.9,Payment,CHF_CHF,1.04196,1.147908
Persona2,,OTHER,Debit_card,CC,2023-07-31 05:03:04,1,-19.24,,,CHF,-19.24,Payment,CHF_CHF,1.041878,1.147789
Persona2,,OTHER,Debit_card,CC,2023-07-31 05:35:14,1,-24.08,,,CHF,-24.08,Payment,CHF_CHF,1.04209,1.148053
Persona2,,OTHER,Debit_card,CC,2023-07-31 05:02:42,1,-22.83,,,CHF,-22.83,Payment,CHF_CHF,1.04196,1.147921
Persona2,,OTHER,Debit_card,CC,2023-07-31 05:02:59,1,-105.09,,,CHF,-105.09,Payment,CHF_CHF,1.04196,1.147908
Persona2,,OTHER,Debit_card,CC,2023-09-15 05:02:19,1,-269.57,,,CHF,-269.57,Payment,CHF_CHF,1.049048,1.116408
Persona2,,OTHER,Debit_card,CC,2023-10-13 05:09:47,1,-8,,,CHF,-8,Payment,CHF_CHF,1.045467,1.102682
Persona2,,OTHER,Debit_card,CC,2023-07-04 05:12:44,1,-5.2,,,CHF,-5.2,Payment,CHF_CHF,1.022955,1.115511
Persona2,,OTHER,Debit_card,CC,2023-07-31 05:35:14,1,-55.76,,,CHF,-55.76,Payment,CHF_CHF,1.04209,1.148053
Persona2,,OTHER,Debit_card,CC,2023-08-01 05:03:11,1,-44.72,,,CHF,-44.72,Payment,CHF_CHF,1.043275,1.146099
Persona2,,OTHER,Debit_card,CC,2023-08-15 05:02:36,1,-77.15,,,CHF,-77.15,Payment,CHF_CHF,1.044681,1.139913
Persona2,,OTHER,Debit_card,CC,2023-09-29 05:23:09,1,-89.65,,,CHF,-89.65,Payment,CHF_CHF,1.034345,1.09405
Persona2,,OTHER,Debit_card,CC,2023-09-29 05:28:40,1,-5.3,,,CHF,-5.3,Payment,CHF_CHF,1.034367,1.094116
Persona2,,OTHER,Debit_card,CC,2023-09-29 05:27:44,1,-53.5,,,CHF,-53.5,Payment,CHF_CHF,1.034367,1.094068
Persona2,,OTHER,Debit_card,CC,2023-09-29 05:04:21,1,-187.11,,,CHF,-187.11,Payment,CHF_CHF,1.034217,1.094026
Persona2,,OTHER,Debit_card,CC,2023-09-29 05:09:51,1,-98,,,CHF,-98,Payment,CHF_CHF,1.034174,1.093996
Persona2,,OTHER,Debit_card,CC,2023-07-31 05:02:03,1,-113,,,EUR,-113,Payment,CHF_EUR,1,1.10164
Persona2,,OTHER,Debit_card,CC,2023-07-31 05:02:19,1,-62.7,,,EUR,-62.7,Payment,CHF_EUR,1,1.10163
Persona2,,OTHER,Debit_card,CC,2023-07-30 13:36:44,1,-59.9,,,EUR,-59.9,Payment,CHF_EUR,1,1.10168
Persona2,,OTHER,Debit_card,CC,2023-07-31 05:01:39,1,-37.85,,,EUR,-37.85,Payment,CHF_EUR,1,1.101585
Persona2,,OTHER,Debit_card,CC,2023-07-30 13:17:50,1,-90,,,EUR,-90,Payment,CHF_EUR,1,1.10168
Persona2,,OTHER,Debit_card,CC,2023-07-29 10:54:56,1,-95,,,EUR,-95,Payment,CHF_EUR,1,1.10168
Persona2,,OTHER,Debit_card,CC,2023-07-29 11:06:52,1,-25.04,,,EUR,-25.04,Payment,CHF_EUR,1,1.10168
Persona2,,OTHER,Debit_card,CC,2023-07-29 05:01:56,1,-41.8,,,EUR,-41.8,Payment,CHF_EUR,1,1.10168
Persona2,,OTHER,Debit_card,CC,2023-07-31 05:02:01,1,-22,,,EUR,-22,Payment,CHF_EUR,1,1.101635
Persona2,,OTHER,Debit_card,CC,2023-07-30 13:18:09,1,-34.6,,,EUR,-34.6,Payment,CHF_EUR,1,1.10168
Persona2,,OTHER,Debit_card,CC,2023-08-12 13:21:00,1,-23.68,,,EUR,-23.68,Payment,CHF_EUR,1,1.09475
Persona2,,OTHER,Debit_card,CC,2023-08-12 13:24:22,1,-75,,,EUR,-75,Payment,CHF_EUR,1,1.09475
Persona2,,OTHER,Debit_card,CC,2023-08-12 13:19:47,1,-81.83,,,EUR,-81.83,Payment,CHF_EUR,1,1.09475
Persona2,,OTHER,Debit_card,CC,2023-08-12 13:18:51,1,-198,,,EUR,-198,Payment,CHF_EUR,1,1.09475
Persona2,,OTHER,Debit_card,CC,2023-08-13 11:45:38,1,-4.3,,,EUR,-4.3,Payment,CHF_EUR,1,1.09475
Persona2,,OTHER,Debit_card,CC,2023-08-30 05:05:29,1,-16.6,,,EUR,-16.6,Payment,CHF_EUR,1,1.086785
Persona2,,OTHER,Credit_forex,F,2023-09-13 11:44:23,1,233.37,,,EUR,233.37,Forex,CHF_EUR,1,1.07308
Persona2,,OTHER,Debit_card,CC,2023-09-13 11:08:26,1,-16.6,,,EUR,-16.6,Payment,CHF_EUR,1,1.07382
Persona2,,OTHER,Debit_card,CC,2023-09-28 11:05:44,1,-36.6,,,EUR,-36.6,Payment,CHF_EUR,1,1.05174
Persona2,,OTHER,Credit_forex,F,2023-09-28 12:30:03,1,40.02,,,EUR,40.02,Forex,CHF_EUR,1,1.05329
Persona2,,OTHER,Credit_forex,H,2023-09-28 17:25:15,1,213.29,,,EUR,213.29,Forex,CHF_EUR,1,1.056695
Persona2,,OTHER,Credit_forex,H,2023-10-11 08:30:04,1,552.96,,,EUR,552.96,Forex,CHF_EUR,1,1.06074
Persona2,,OTHER,Credit_forex,H,2023-10-24 17:49:06,1,1627.21,,,EUR,1627.21,Forex,CHF_EUR,1,1.058925
Persona2,,OTHER,Debit_forex,L,2023-10-24 17:52:27,1,1655.8,,,EUR,1655.8,Forex,CHF_EUR,1,1.05894
Persona2,,OTHER,Debit_card,CC,2023-07-15 05:29:19,1,-144.85,,,EUR,-144.85,Payment,CHF_EUR,1,1.122865
Persona2,,OTHER,Debit_card,CC,2023-07-15 05:29:19,1,-61.04,,,EUR,-61.04,Payment,CHF_EUR,1,1.122865
Persona2,,OTHER,Debit_card,CC,2023-07-15 05:06:26,1,-11.75,,,EUR,-11.75,Payment,CHF_EUR,1,1.122865
Persona2,,OTHER,Credit_forex,F,2023-07-17 06:35:02,1,553.44,,,EUR,553.44,Forex,CHF_EUR,1,1.122405
Persona2,,OTHER,Debit_card,CC,2023-07-17 05:15:51,1,-69.3,,,EUR,-69.3,Payment,CHF_EUR,1,1.122595
Persona2,,OTHER,Debit_card,CC,2023-07-28 11:09:35,1,-99.2,,,EUR,-99.2,Payment,CHF_EUR,1,1.09613
Persona2,,OTHER,Debit_card,CC,2023-07-28 05:31:40,1,-1838,,,EUR,-1838,Payment,CHF_EUR,1,1.098555
Persona2,,OTHER,Credit_forex,F,2023-07-28 12:03:55,1,597.2,,,EUR,597.2,Forex,CHF_EUR,1,1.0973
Persona2,,OTHER,Debit_card,CC,2023-07-29 05:02:37,1,-333,,,EUR,-333,Payment,CHF_EUR,1,1.10168
Persona2,,OTHER,Debit_card,CC,2023-07-30 05:10:12,1,-62.95,,,EUR,-62.95,Payment,CHF_EUR,1,1.10168
Persona2,,OTHER,Debit_card,CC,2023-08-11 05:04:44,1,-5734.64,,,EUR,-5734.64,Payment,CHF_EUR,1,1.099085
Persona2,,OTHER,Credit_forex,H,2023-08-11 22:17:55,1,713.19,,,EUR,713.19,Forex,CHF_EUR,1,1.094625
Persona2,,OTHER,Debit_card,CC,2023-08-12 13:20:18,1,-86.6,,,EUR,-86.6,Payment,CHF_EUR,1,1.09475
Persona2,,OTHER,Debit_card,CC,2023-08-12 05:30:34,1,-40,,,EUR,-40,Payment,CHF_EUR,1,1.09475
Persona2,,OTHER,Debit_card,CC,2023-08-13 05:42:03,1,-38,,,EUR,-38,Payment,CHF_EUR,1,1.09475
Persona2,,OTHER,Debit_card,CC,2023-08-26 11:31:12,1,-150,,,EUR,-150,Payment,CHF_EUR,1,1.07952
Persona2,,OTHER,Debit_forex,L,2023-08-29 07:54:05,1,111.01,,,EUR,111.01,Forex,CHF_EUR,1,1.08238
Persona2,,OTHER,Debit_card,CC,2023-08-27 13:20:40,1,-109.68,,,EUR,-109.68,Payment,CHF_EUR,1,1.07952
Persona2,,OTHER,Debit_card,CC,2023-09-13 11:04:13,1,-250,,,EUR,-250,Payment,CHF_EUR,1,1.073715
Persona2,,OTHER,Cash_out,O,2023-09-13 07:04:36,1,1200,,,EUR,1200,Payment,CHF_EUR,1,1.075425
Persona2,,OTHER,Debit_card,CC,2023-09-28 11:14:09,1,-3,,,EUR,-3,Payment,CHF_EUR,1,1.05214
Persona2,,OTHER,Debit_card,CC,2023-09-28 11:12:28,1,-9.79,,,EUR,-9.79,Payment,CHF_EUR,1,1.05209
Persona2,,OTHER,Debit_card,CC,2023-09-28 11:14:26,1,-3.5,,,EUR,-3.5,Payment,CHF_EUR,1,1.052145
Persona2,,OTHER,Credit_forex,F,2023-10-10 11:58:33,1,924.78,,,EUR,924.78,Forex,CHF_EUR,1,1.06037
Persona2,,OTHER,Credit_forex,F,2023-10-10 18:41:28,1,541.58,,,EUR,541.58,Forex,CHF_EUR,1,1.061465
Persona2,,OTHER,Debit_card,CC,2023-10-24 10:56:15,1,-101.94,,,EUR,-101.94,Payment,CHF_EUR,1,1.06488
Persona2,,OTHER,Debit_forex,L,2023-10-24 15:57:29,1,47.09,,,EUR,47.09,Forex,CHF_EUR,1,1.06098
Persona2,,OTHER,Debit_card,CC,2023-07-14 11:18:38,1,-39.51,,,EUR,-39.51,Payment,CHF_EUR,1,1.12424
Persona2,,OTHER,Debit_card,CC,2023-07-16 05:06:51,1,-9,,,EUR,-9,Payment,CHF_EUR,1,1.122865
Persona2,,OTHER,Debit_card,CC,2023-07-16 05:07:00,1,-47.6,,,EUR,-47.6,Payment,CHF_EUR,1,1.122865
Persona2,,OTHER,Debit_card,CC,2023-07-16 05:06:50,1,-90,,,EUR,-90,Payment,CHF_EUR,1,1.122865
Persona2,,OTHER,Debit_card,CC,2023-07-15 11:19:31,1,-23.57,,,EUR,-23.57,Payment,CHF_EUR,1,1.122865
Persona2,,OTHER,Debit_card,CC,2023-07-15 11:22:03,1,-79.69,,,EUR,-79.69,Payment,CHF_EUR,1,1.122865
Persona2,,OTHER,Debit_card,CC,2023-07-15 11:15:50,1,-2.5,,,EUR,-2.5,Payment,CHF_EUR,1,1.122865
Persona2,,OTHER,Debit_card,CC,2023-07-15 11:14:04,1,-7,,,EUR,-7,Payment,CHF_EUR,1,1.122865
Persona2,,OTHER,Debit_card,CC,2023-07-15 05:06:19,1,-36.2,,,EUR,-36.2,Payment,CHF_EUR,1,1.122865
Persona2,,OTHER,Debit_forex,N,2023-08-10 12:04:46,1,1500,,,EUR,1500,Forex,CHF_EUR,1,1.10208
Persona2,,OTHER,Debit_card,CC,2023-08-10 11:06:45,1,-36.6,,,EUR,-36.6,Payment,CHF_EUR,1,1.102015
Persona2,,OTHER,Cash_in,G,2023-08-11 11:20:29,1,1800,,,EUR,1800,Income,CHF_EUR,1,1.099155
Persona2,,OTHER,Debit_card,CC,2023-08-29 05:28:00,1,-300,,,EUR,-300,Payment,CHF_EUR,1,1.08377
Persona2,,OTHER,Debit_card,CC,2023-09-26 15:56:07,1,-28.16,,,EUR,-28.16,Payment,CHF_EUR,1,1.059015
Persona2,,OTHER,Debit_card,CC,2023-09-26 11:02:25,1,-23.94,,,EUR,-23.94,Payment,CHF_EUR,1,1.05936
Persona2,,OTHER,Debit_card,CC,2023-09-28 05:40:50,1,-3.6,,,EUR,-3.6,Payment,CHF_EUR,1,1.05053
Persona2,,OTHER,Debit_forex,L,2023-09-27 08:05:03,1,534.08,,,EUR,534.08,Forex,CHF_EUR,1,1.05598
Persona2,,OTHER,Debit_card,CC,2023-09-27 11:11:05,1,-200,,,EUR,-200,Payment,CHF_EUR,1,1.055895
Persona2,,OTHER,Credit_forex,F,2023-10-10 16:40:30,1,47.88,,,EUR,47.88,Forex,CHF_EUR,1,1.059935
Persona2,,OTHER,Cash_in,G,2023-10-24 09:01:06,1,5000,,,EUR,5000,Income,CHF_EUR,1,1.068475
Persona2,,OTHER,Debit_forex,L,2023-10-24 09:18:27,1,1275.65,,,EUR,1275.65,Forex,CHF_EUR,1,1.068525
Persona2,,OTHER,Debit_forex,L,2023-10-24 10:28:27,1,1562.93,,,EUR,1562.93,Forex,CHF_EUR,1,1.06523
Persona2,,OTHER,Debit_forex,L,2023-10-24 07:39:28,1,8.35,,,EUR,8.35,Forex,CHF_EUR,1,1.06776
Persona2,,OTHER,Credit_forex,H,2023-11-03 17:57:57,1,234.49,,,EUR,234.49,Forex,CHF_EUR,1,1.073855
Persona2,,OTHER,Debit_card,CC,2023-07-14 05:30:32,1,-9.9,,,EUR,-9.9,Payment,CHF_EUR,1,1.12398
Persona2,,OTHER,Debit_card,CC,2023-07-14 05:30:33,1,-18.35,,,EUR,-18.35,Payment,CHF_EUR,1,1.12398
Persona2,,OTHER,Debit_card,CC,2023-07-14 11:15:40,1,-43.14,,,EUR,-43.14,Payment,CHF_EUR,1,1.124255
Persona2,,OTHER,Credit_forex,H,2023-07-27 11:26:39,1,1038.84,,,EUR,1038.84,Forex,CHF_EUR,1,1.11341
Persona2,,OTHER,Credit_forex,F,2023-07-28 08:22:54,1,1838,,,EUR,1838,Forex,CHF_EUR,1,1.09855
Persona2,,OTHER,Debit_card,CC,2023-07-28 11:06:29,1,-498,,,EUR,-498,Payment,CHF_EUR,1,1.09586
Persona2,,OTHER,Cash_out,O,2023-07-27 12:45:51,1,2500,,,EUR,2500,Payment,CHF_EUR,1,1.114215
Persona2,,OTHER,Credit_forex,F,2023-07-27 12:45:54,1,1041.03,,,EUR,1041.03,Forex,CHF_EUR,1,1.114215
Persona2,,OTHER,Cash_out,O,2023-08-10 07:01:46,1,2900,,,EUR,2900,Payment,CHF_EUR,1,1.098035
Persona2,,OTHER,Cash_in,G,2023-08-10 11:15:43,1,4500,,,EUR,4500,Income,CHF_EUR,1,1.102335
Persona2,,OTHER,Debit_card,CC,2023-09-11 11:17:17,1,-2.45,,,EUR,-2.45,Payment,CHF_EUR,1,1.07256
Persona2,,OTHER,Debit_card,CC,2023-09-26 13:39:01,1,-28.18,,,EUR,-28.18,Payment,CHF_EUR,1,1.06009
Persona2,,OTHER,Debit_card,CC,2023-09-26 13:02:02,1,-45.02,,,EUR,-45.02,Payment,CHF_EUR,1,1.059385
Persona2,,OTHER,Debit_forex,L,2023-10-09 06:59:28,1,162.6,,,EUR,162.6,Forex,CHF_EUR,1,1.054975
Persona2,,OTHER,Credit_forex,F,2023-10-09 10:59:27,1,1067.45,,,EUR,1067.45,Forex,CHF_EUR,1,1.054115
Persona2,,OTHER,Debit_card,CC,2023-10-09 11:34:19,1,-1000,,,EUR,-1000,Payment,CHF_EUR,1,1.054115
Persona2,,OTHER,Cash_out,O,2023-10-10 07:10:34,1,2000,,,EUR,2000,Payment,CHF_EUR,1,1.056055
Persona2,,OTHER,Debit_card,CC,2023-10-23 05:19:01,1,-171.5,,,EUR,-171.5,Payment,CHF_EUR,1,1.057635
Persona2,,OTHER,Debit_forex,L,2023-10-23 13:33:27,1,1126.38,,,EUR,1126.38,Forex,CHF_EUR,1,1.060755
Persona2,,OTHER,Debit_card,CC,2023-10-22 12:01:47,1,-29.48,,,EUR,-29.48,Payment,CHF_EUR,1,1.05941
Persona2,,OTHER,Debit_forex,L,2023-10-23 05:06:28,1,528.48,,,EUR,528.48,Forex,CHF_EUR,1,1.057525
Persona2,,OTHER,Debit_card,CC,2023-10-23 11:59:32,1,-200,,,EUR,-200,Payment,CHF_EUR,1,1.059315
Persona2,,OTHER,Debit_card,CC,2023-10-24 11:00:38,1,-800,,,EUR,-800,Payment,CHF_EUR,1,1.06487
Persona2,,OTHER,Credit_forex,F,2023-11-03 14:58:28,1,627.59,,,EUR,627.59,Forex,CHF_EUR,1,1.071635
Persona2,,OTHER,Credit_forex,H,2023-11-03 16:05:36,1,529.81,,,EUR,529.81,Forex,CHF_EUR,1,1.072105
Persona2,,OTHER,Credit_forex,H,2023-06-30 16:30:56,1,4096.72,,,EUR,4096.72,Forex,CHF_EUR,1,1.09259
Persona2,,OTHER,Credit_forex,F,2023-07-26 08:34:01,1,18.44,,,EUR,18.44,Forex,CHF_EUR,1,1.10677
Persona2,,OTHER,Debit_card,CC,2023-07-27 05:05:36,1,-235.69,,,EUR,-235.69,Payment,CHF_EUR,1,1.110065
Persona2,,OTHER,Debit_card,CC,2023-09-11 05:22:37,1,-350,,,EUR,-350,Payment,CHF_EUR,1,1.07229
Persona2,,OTHER,Debit_card,CC,2023-09-11 05:26:18,1,-100,,,EUR,-100,Payment,CHF_EUR,1,1.0722
Persona2,,OTHER,Debit_card,CC,2023-09-10 11:11:58,1,-10.2,,,EUR,-10.2,Payment,CHF_EUR,1,1.070025
Persona2,,OTHER,Debit_card,CC,2023-09-11 05:28:15,1,-21.14,,,EUR,-21.14,Payment,CHF_EUR,1,1.07219
Persona2,,OTHER,Debit_card,CC,2023-09-10 05:09:04,1,-61.94,,,EUR,-61.94,Payment,CHF_EUR,1,1.070025
Persona2,,OTHER,Debit_card,CC,2023-09-10 05:07:08,1,-46.46,,,EUR,-46.46,Payment,CHF_EUR,1,1.070025
Persona2,,OTHER,Debit_card,CC,2023-09-11 11:17:07,1,-84.04,,,EUR,-84.04,Payment,CHF_EUR,1,1.072595
Persona2,,OTHER,Debit_forex,L,2023-09-11 06:54:23,1,740.33,,,EUR,740.33,Forex,CHF_EUR,1,1.073615
Persona2,,OTHER,Debit_card,CC,2023-09-11 11:16:21,1,-13.6,,,EUR,-13.6,Payment,CHF_EUR,1,1.07244
Persona2,,OTHER,Debit_card,CC,2023-09-26 11:00:53,1,-11.68,,,EUR,-11.68,Payment,CHF_EUR,1,1.059545
Persona2,,OTHER,Debit_card,CC,2023-09-26 11:04:40,1,-86.37,,,EUR,-86.37,Payment,CHF_EUR,1,1.059465
Persona2,,OTHER,Debit_forex,L,2023-09-26 08:42:23,1,8.4,,,EUR,8.4,Forex,CHF_EUR,1,1.057675
Persona2,,OTHER,Credit_forex,F,2023-10-09 10:58:27,1,1154.21,,,EUR,1154.21,Forex,CHF_EUR,1,1.054
Persona2,,OTHER,Credit_forex,H,2023-10-09 12:16:58,1,3101.3,,,EUR,3101.3,Forex,CHF_EUR,1,1.05299
Persona2,,OTHER,Debit_card,CC,2023-07-13 05:07:13,1,-1007,,,EUR,-1007,Payment,CHF_EUR,1,1.11468
Persona2,,OTHER,Debit_card,CC,2023-07-26 11:17:08,1,-9.85,,,EUR,-9.85,Payment,CHF_EUR,1,1.10725
Persona2,,OTHER,Debit_card,CC,2023-07-26 11:17:06,1,-19.9,,,EUR,-19.9,Payment,CHF_EUR,1,1.10725
Persona2,,OTHER,Cash_in,G,2023-07-26 09:05:37,1,685.57,,,EUR,685.57,Income,CHF_EUR,1,1.106705
Persona2,,OTHER,Credit_forex,H,2023-08-09 23:49:29,1,6070.98,,,EUR,6070.98,Forex,CHF_EUR,1,1.097535
Persona2,,OTHER,Credit_forex,F,2023-08-09 22:53:56,1,1008.99,,,EUR,1008.99,Forex,CHF_EUR,1,1.097325
Persona2,,OTHER,Credit_forex,F,2023-08-09 22:54:56,1,433.07,,,EUR,433.07,Forex,CHF_EUR,1,1.09736
Persona2,,OTHER,Credit_forex,F,2023-08-09 22:55:56,1,591.16,,,EUR,591.16,Forex,CHF_EUR,1,1.09737
Persona2,,OTHER,Credit_forex,H,2023-08-23 17:11:09,1,547.73,,,EUR,547.73,Forex,CHF_EUR,1,1.08525
Persona2,,OTHER,Debit_card,CC,2023-09-09 11:10:31,1,-125.01,,,EUR,-125.01,Payment,CHF_EUR,1,1.070025
Persona2,,OTHER,Debit_card,CC,2023-09-09 11:17:31,1,-9.36,,,EUR,-9.36,Payment,CHF_EUR,1,1.070025
Persona2,,OTHER,Debit_card,CC,2023-09-09 11:10:03,1,-31.6,,,EUR,-31.6,Payment,CHF_EUR,1,1.070025
Persona2,,OTHER,Debit_card,CC,2023-09-09 11:05:41,1,-112.94,,,EUR,-112.94,Payment,CHF_EUR,1,1.070025
Persona2,,OTHER,Debit_card,CC,2023-09-10 05:09:13,1,-7,,,EUR,-7,Payment,CHF_EUR,1,1.070025
Persona2,,OTHER,Debit_card,CC,2023-09-10 05:09:09,1,-10.4,,,EUR,-10.4,Payment,CHF_EUR,1,1.070025
Persona2,,OTHER,Debit_card,CC,2023-09-10 11:17:54,1,-34.5,,,EUR,-34.5,Payment,CHF_EUR,1,1.070025
Persona2,,OTHER,Debit_card,CC,2023-09-24 05:29:31,1,-25.35,,,EUR,-25.35,Payment,CHF_EUR,1,1.06463
Persona2,,OTHER,Debit_card,CC,2023-09-26 05:06:00,1,-7.5,,,EUR,-7.5,Payment,CHF_EUR,1,1.058145
Persona2,,OTHER,Debit_card,CC,2023-09-26 05:06:02,1,-11.6,,,EUR,-11.6,Payment,CHF_EUR,1,1.05815
Persona2,,OTHER,Debit_card,CC,2023-09-26 05:32:48,1,-35.5,,,EUR,-35.5,Payment,CHF_EUR,1,1.05841
Persona2,,OTHER,Debit_card,CC,2023-10-07 11:30:20,1,-13.61,,,EUR,-13.61,Payment,CHF_EUR,1,1.05865
Persona2,,OTHER,Debit_card,CC,2023-10-07 11:29:50,1,-235.91,,,EUR,-235.91,Payment,CHF_EUR,1,1.05865
Persona2,,OTHER,Debit_card,CC,2023-10-23 05:11:26,1,-53.72,,,EUR,-53.72,Payment,CHF_EUR,1,1.057725
Persona2,,OTHER,Debit_forex,L,2023-10-23 05:54:28,1,72.2,,,EUR,72.2,Forex,CHF_EUR,1,1.057805
Persona2,,OTHER,Debit_card,CC,2023-10-23 12:01:41,1,-64.6,,,EUR,-64.6,Payment,CHF_EUR,1,1.05921
Persona2,,OTHER,Debit_card,CC,2023-10-23 11:58:09,1,-500,,,EUR,-500,Payment,CHF_EUR,1,1.059315
Persona2,,OTHER,Debit_card,CC,2023-10-22 10:56:10,1,-112.2,,,EUR,-112.2,Payment,CHF_EUR,1,1.05941
Persona2,,OTHER,Credit_forex,F,2023-11-02 20:03:27,1,521.7,,,EUR,521.7,Forex,CHF_EUR,1,1.06255
Persona2,,OTHER,Debit_forex,L,2023-11-02 06:09:28,1,43.97,,,EUR,43.97,Forex,CHF_EUR,1,1.059765
Persona2,,OTHER,Debit_forex,L,2023-11-02 10:45:28,1,172.63,,,EUR,172.63,Forex,CHF_EUR,1,1.062185
Persona2,,OTHER,Cash_in,G,2023-05-11 10:30:31,1,5,,,EUR,5,Income,CHF_EUR,1,1.093205
Persona2,,OTHER,Debit_card,CC,2023-07-26 05:26:43,1,-18.44,,,EUR,-18.44,Payment,CHF_EUR,1,1.104595
Persona2,,OTHER,Credit_forex,F,2023-08-08 21:30:56,1,1602.54,,,EUR,1602.54,Forex,CHF_EUR,1,1.09593
Persona2,,OTHER,Debit_forex,N,2023-08-08 12:04:21,1,2392,,,EUR,2392,Forex,CHF_EUR,1,1.09678
Persona2,,OTHER,Debit_card,CC,2023-08-08 10:48:19,1,-55.79,,,EUR,-55.79,Payment,CHF_EUR,1,1.098435
Persona2,,OTHER,Cash_out,O,2023-08-24 07:18:18,1,276.07,,,EUR,276.07,Payment,CHF_EUR,1,1.087405
Persona2,,OTHER,Debit_card,CC,2023-09-10 05:07:12,1,-83.39,,,EUR,-83.39,Payment,CHF_EUR,1,1.070025
Persona2,,OTHER,Debit_card,CC,2023-09-23 05:33:00,1,-17.86,,,EUR,-17.86,Payment,CHF_EUR,1,1.06463
Persona2,,OTHER,Debit_card,CC,2023-09-24 05:33:26,1,-102.97,,,EUR,-102.97,Payment,CHF_EUR,1,1.06463
Persona2,,OTHER,Debit_forex,L,2023-09-25 06:38:23,1,57.84,,,EUR,57.84,Forex,CHF_EUR,1,1.06487
Persona2,,OTHER,Debit_card,CC,2023-10-07 05:22:08,1,-36.6,,,EUR,-36.6,Payment,CHF_EUR,1,1.05865
Persona2,,OTHER,Credit_forex,H,2023-10-06 19:03:11,1,238.57,,,EUR,238.57,Forex,CHF_EUR,1,1.05813
Persona2,,OTHER,Debit_card,CC,2023-10-07 11:29:07,1,-10.22,,,EUR,-10.22,Payment,CHF_EUR,1,1.05865
Persona2,,OTHER,Debit_card,CC,2023-10-06 15:14:40,1,-108.24,,,EUR,-108.24,Payment,CHF_EUR,1,1.050585
Persona2,,OTHER,Debit_card,CC,2023-10-21 05:32:51,1,-504.9,,,EUR,-504.9,Payment,CHF_EUR,1,1.05941
Persona2,,OTHER,Debit_card,CC,2023-10-21 10:56:15,1,-44.9,,,EUR,-44.9,Payment,CHF_EUR,1,1.05941
Persona2,,OTHER,Debit_card,CC,2023-10-21 10:58:46,1,-53.96,,,EUR,-53.96,Payment,CHF_EUR,1,1.05941
Persona2,,OTHER,Debit_card,CC,2023-10-21 10:58:47,1,-3.5,,,EUR,-3.5,Payment,CHF_EUR,1,1.05941
Persona2,,OTHER,Credit_forex,H,2023-10-20 20:21:11,1,977.12,,,EUR,977.12,Forex,CHF_EUR,1,1.059065
Persona2,,OTHER,Debit_card,CC,2023-10-22 10:56:17,1,-20.52,,,EUR,-20.52,Payment,CHF_EUR,1,1.05941
Persona2,,OTHER,Debit_card,CC,2023-10-22 10:56:29,1,-60,,,EUR,-60,Payment,CHF_EUR,1,1.05941
Persona2,,OTHER,Debit_card,CC,2023-10-22 12:01:47,1,-26.55,,,EUR,-26.55,Payment,CHF_EUR,1,1.05941
Persona2,,OTHER,Credit_forex,H,2023-10-23 10:08:17,1,1060.79,,,EUR,1060.79,Forex,CHF_EUR,1,1.060565
Persona2,,OTHER,Credit_forex,F,2023-07-25 08:35:01,1,647.02,,,EUR,647.02,Forex,CHF_EUR,1,1.108645
Persona2,,OTHER,Debit_card,CC,2023-07-25 11:02:04,1,-10,,,EUR,-10,Payment,CHF_EUR,1,1.106485
Persona2,,OTHER,Credit_forex,F,2023-07-25 12:10:02,1,345.98,,,EUR,345.98,Forex,CHF_EUR,1,1.104475
Persona2,,OTHER,Cash_in,G,2023-08-07 11:25:33,1,3000,,,EUR,3000,Income,CHF_EUR,1,1.097375
Persona2,,OTHER,Credit_forex,F,2023-08-08 21:31:56,1,2571.71,,,EUR,2571.71,Forex,CHF_EUR,1,1.09599
Persona2,,OTHER,Cash_in,G,2023-08-08 11:15:42,1,5000,,,EUR,5000,Income,CHF_EUR,1,1.097745
Persona2,,OTHER,Debit_card,CC,2023-09-08 05:29:26,1,-300,,,EUR,-300,Payment,CHF_EUR,1,1.07165
Persona2,,OTHER,Debit_card,CC,2023-09-08 11:02:58,1,-21.85,,,EUR,-21.85,Payment,CHF_EUR,1,1.070845
Persona2,,OTHER,Cash_out,O,2023-09-22 07:19:45,1,2500,,,EUR,2500,Payment,CHF_EUR,1,1.06568
Persona2,,OTHER,Debit_card,CC,2023-09-25 11:18:08,1,-32.55,,,EUR,-32.55,Payment,CHF_EUR,1,1.06248
Persona2,,OTHER,Debit_card,CC,2023-09-24 05:30:12,1,-21.68,,,EUR,-21.68,Payment,CHF_EUR,1,1.06463
Persona2,,OTHER,Debit_forex,L,2023-10-06 05:09:27,1,26.36,,,EUR,26.36,Forex,CHF_EUR,1,1.054435
Persona2,,OTHER,Debit_forex,L,2023-10-20 20:20:27,1,1001.71,,,EUR,1001.71,Forex,CHF_EUR,1,1.05904
Persona2,,OTHER,Credit_forex,H,2023-10-20 17:07:51,1,400.37,,,EUR,400.37,Forex,CHF_EUR,1,1.05942
Persona2,,OTHER,Debit_card,CC,2023-10-20 05:32:32,1,-37.6,,,EUR,-37.6,Payment,CHF_EUR,1,1.05775
Persona2,,OTHER,Credit_forex,H,2023-10-20 09:59:29,1,501.94,,,EUR,501.94,Forex,CHF_EUR,1,1.057065
Persona2,,OTHER,Credit_forex,H,2023-10-20 20:19:07,1,986.46,,,EUR,986.46,Forex,CHF_EUR,1,1.0588
Persona2,,OTHER,Debit_forex,L,2023-10-20 20:23:27,1,972.04,,,EUR,972.04,Forex,CHF_EUR,1,1.058905
Persona2,,OTHER,Debit_card,CC,2023-07-13 11:04:23,1,-54,,,EUR,-54,Payment,CHF_EUR,1,1.115745
Persona2,,OTHER,Debit_card,CC,2023-07-25 11:04:32,1,-335.98,,,EUR,-335.98,Payment,CHF_EUR,1,1.106325
Persona2,,OTHER,Debit_card,CC,2023-07-25 05:27:40,1,-441.88,,,EUR,-441.88,Payment,CHF_EUR,1,1.107765
Persona2,,OTHER,Debit_forex,N,2023-08-22 23:56:06,1,554.06,,,EUR,554.06,Forex,CHF_EUR,1,1.084565
Persona2,,OTHER,Debit_card,CC,2023-09-07 11:12:47,1,-100,,,EUR,-100,Payment,CHF_EUR,1,1.071255
Persona2,,OTHER,Cash_out,O,2023-09-07 07:02:32,1,3000,,,EUR,3000,Payment,CHF_EUR,1,1.071935
Persona2,,OTHER,Debit_card,CC,2023-09-07 11:07:50,1,-16.6,,,EUR,-16.6,Payment,CHF_EUR,1,1.071325
Persona2,,OTHER,Debit_card,CC,2023-09-08 05:31:05,1,-43.34,,,EUR,-43.34,Payment,CHF_EUR,1,1.071615
Persona2,,OTHER,Debit_forex,L,2023-09-08 07:39:22,1,39.45,,,EUR,39.45,Forex,CHF_EUR,1,1.0718
Persona2,,OTHER,Debit_card,CC,2023-09-22 05:30:49,1,-24.9,,,EUR,-24.9,Payment,CHF_EUR,1,1.06508
Persona2,,OTHER,Cash_out,O,2023-10-05 10:57:00,1,900,,,EUR,900,Payment,CHF_EUR,1,1.05034
Persona2,,OTHER,Debit_card,CC,2023-10-05 11:09:05,1,-101.37,,,EUR,-101.37,Payment,CHF_EUR,1,1.05075
Persona2,,OTHER,Debit_forex,L,2023-10-06 05:10:28,1,13.41,,,EUR,13.41,Forex,CHF_EUR,1,1.054425
Persona2,,OTHER,Debit_forex,L,2023-10-19 18:47:27,1,1477.99,,,EUR,1477.99,Forex,CHF_EUR,1,1.05734
Persona2,,OTHER,Debit_forex,L,2023-10-20 05:09:28,1,26.56,,,EUR,26.56,Forex,CHF_EUR,1,1.057875
Persona2,,OTHER,Debit_card,CC,2023-11-01 10:05:29,1,-1.99,,,EUR,-1.99,Payment,CHF_EUR,1,1.056115
Persona2,,OTHER,Debit_card,CC,2023-11-01 10:01:57,1,-200,,,EUR,-200,Payment,CHF_EUR,1,1.05597
Persona2,,OTHER,Debit_card,CC,2023-11-01 10:05:29,1,-13.6,,,EUR,-13.6,Payment,CHF_EUR,1,1.056115
Persona2,,OTHER,Cash_out,O,2023-07-10 11:01:07,1,2500,,,EUR,2500,Payment,CHF_EUR,1,1.0963
Persona2,,OTHER,Debit_card,CC,2023-07-11 10:59:56,1,-262.82,,,EUR,-262.82,Payment,CHF_EUR,1,1.10036
Persona2,,OTHER,Debit_card,CC,2023-07-24 11:11:41,1,-169,,,EUR,-169,Payment,CHF_EUR,1,1.10814
Persona2,,OTHER,Debit_card,CC,2023-07-24 05:16:32,1,-124.56,,,EUR,-124.56,Payment,CHF_EUR,1,1.112655
Persona2,,OTHER,Debit_card,CC,2023-07-25 05:26:06,1,-200,,,EUR,-200,Payment,CHF_EUR,1,1.107795
Persona2,,OTHER,Debit_forex,L,2023-08-07 06:38:54,1,218.25,,,EUR,218.25,Forex,CHF_EUR,1,1.099325
Persona2,,OTHER,Debit_card,CC,2023-08-06 11:10:35,1,-15.98,,,EUR,-15.98,Payment,CHF_EUR,1,1.10088
Persona2,,OTHER,Debit_card,CC,2023-08-07 11:13:01,1,-300,,,EUR,-300,Payment,CHF_EUR,1,1.097415
Persona2,,OTHER,Credit_forex,F,2023-08-21 06:51:22,1,205.16,,,EUR,205.16,Forex,CHF_EUR,1,1.088035
Persona2,,OTHER,Cash_out,O,2023-09-05 07:02:19,1,2000,,,EUR,2000,Payment,CHF_EUR,1,1.079265
Persona2,,OTHER,Credit_forex,H,2023-09-05 18:02:44,1,2078.08,,,EUR,2078.08,Forex,CHF_EUR,1,1.07285
Persona2,,OTHER,Credit_forex,H,2023-09-05 18:03:18,1,550.39,,,EUR,550.39,Forex,CHF_EUR,1,1.072855
Persona2,,OTHER,Debit_card,CC,2023-09-07 05:31:19,1,-20.65,,,EUR,-20.65,Payment,CHF_EUR,1,1.0728
Persona2,,OTHER,Debit_card,CC,2023-09-22 05:30:50,1,-12.9,,,EUR,-12.9,Payment,CHF_EUR,1,1.06508
Persona2,,OTHER,Debit_card,CC,2023-10-05 05:40:11,1,-36,,,EUR,-36,Payment,CHF_EUR,1,1.05277
Persona2,,OTHER,Debit_card,CC,2023-10-20 11:09:05,1,-83.97,,,EUR,-83.97,Payment,CHF_EUR,1,1.058635
Persona2,,OTHER,Debit_card,CC,2023-10-20 11:09:09,1,-31.33,,,EUR,-31.33,Payment,CHF_EUR,1,1.05866
Persona2,,OTHER,Cash_out,O,2023-10-20 11:29:44,1,3000,,,EUR,3000,Payment,CHF_EUR,1,1.058035
Persona2,,OTHER,Debit_card,CC,2023-10-20 05:33:03,1,-504.9,,,EUR,-504.9,Payment,CHF_EUR,1,1.057755
Persona2,,OTHER,Debit_card,CC,2023-10-20 05:33:17,1,-236.03,,,EUR,-236.03,Payment,CHF_EUR,1,1.057765
Persona2,,OTHER,Debit_forex,L,2023-10-19 21:24:27,1,165.78,,,EUR,165.78,Forex,CHF_EUR,1,1.058695
Persona2,,OTHER,Debit_card,CC,2023-07-10 11:24:00,1,-78.64,,,EUR,-78.64,Payment,CHF_EUR,1,1.097015
Persona2,,OTHER,Debit_card,CC,2023-07-23 11:15:22,1,-41.6,,,EUR,-41.6,Payment,CHF_EUR,1,1.11253
Persona2,,OTHER,Debit_card,CC,2023-07-24 11:11:15,1,-299.8,,,EUR,-299.8,Payment,CHF_EUR,1,1.10797
Persona2,,OTHER,Credit_forex,F,2023-07-24 06:46:01,1,344.83,,,EUR,344.83,Forex,CHF_EUR,1,1.11179
Persona2,,OTHER,Credit_forex,F,2023-07-24 12:28:02,1,493.8,,,EUR,493.8,Forex,CHF_EUR,1,1.10837
Persona2,,OTHER,Debit_card,CC,2023-07-24 11:11:19,1,-25,,,EUR,-25,Payment,CHF_EUR,1,1.107985
Persona2,,OTHER,Debit_card,CC,2023-08-05 10:46:52,1,300,,,EUR,300,Payment,CHF_EUR,1,1.10088
Persona2,,OTHER,Debit_card,CC,2023-08-07 05:21:11,1,-39.65,,,EUR,-39.65,Payment,CHF_EUR,1,1.1
Persona2,,OTHER,Debit_card,CC,2023-08-19 05:31:35,1,-200,,,EUR,-200,Payment,CHF_EUR,1,1.087255
Persona2,,OTHER,Debit_card,CC,2023-09-05 05:07:30,1,-14.5,,,EUR,-14.5,Payment,CHF_EUR,1,1.078575
Persona2,,OTHER,Credit_forex,H,2023-09-06 13:43:07,1,3107.63,,,EUR,3107.63,Forex,CHF_EUR,1,1.074305
Persona2,,OTHER,Credit_forex,H,2023-09-06 09:55:04,1,58.05,,,EUR,58.05,Forex,CHF_EUR,1,1.073095
Persona2,,OTHER,Debit_card,CC,2023-09-05 05:07:09,1,-129.32,,,EUR,-129.32,Payment,CHF_EUR,1,1.07855
Persona2,,OTHER,Credit_forex,H,2023-09-20 17:01:54,1,1052.17,,,EUR,1052.17,Forex,CHF_EUR,1,1.07184
Persona2,,OTHER,Credit_forex,H,2023-09-21 15:57:35,1,2825.98,,,EUR,2825.98,Forex,CHF_EUR,1,1.06451
Persona2,,OTHER,Cash_out,O,2023-09-21 07:12:40,1,965.84,,,EUR,965.84,Payment,CHF_EUR,1,1.063615
Persona2,,OTHER,Debit_card,CC,2023-09-21 05:36:19,1,-17.27,,,EUR,-17.27,Payment,CHF_EUR,1,1.06365
Persona2,,OTHER,Credit_forex,H,2023-10-18 19:18:35,1,734.55,,,EUR,734.55,Forex,CHF_EUR,1,1.055025
Persona2,,OTHER,Credit_forex,H,2023-10-18 19:18:28,1,495.98,,,EUR,495.98,Forex,CHF_EUR,1,1.05501
Persona2,,OTHER,Debit_forex,L,2023-10-19 09:55:27,1,1015.46,,,EUR,1015.46,Forex,CHF_EUR,1,1.053825
Persona2,,OTHER,Debit_card,CC,2023-07-23 11:15:27,1,-172.69,,,EUR,-172.69,Payment,CHF_EUR,1,1.11253
Persona2,,OTHER,Debit_card,CC,2023-08-04 05:28:01,1,-108.8,,,EUR,-108.8,Payment,CHF_EUR,1,1.095745
Persona2,,OTHER,Debit_card,CC,2023-08-04 05:28:02,1,-22.9,,,EUR,-22.9,Payment,CHF_EUR,1,1.095745
Persona2,,OTHER,Credit_forex,H,2023-09-04 22:28:49,1,615.48,,,EUR,615.48,Forex,CHF_EUR,1,1.07957
Persona2,,OTHER,Debit_card,CC,2023-09-05 05:30:34,1,-4,,,EUR,-4,Payment,CHF_EUR,1,1.07866
Persona2,,OTHER,Cash_out,O,2023-09-06 07:03:52,1,2685.15,,,EUR,2685.15,Payment,CHF_EUR,1,1.0735
Persona2,,OTHER,Debit_card,CC,2023-09-20 05:38:42,1,-56.69,,,EUR,-56.69,Payment,CHF_EUR,1,1.067955
Persona2,,OTHER,Debit_forex,L,2023-09-20 07:29:22,1,68.34,,,EUR,68.34,Forex,CHF_EUR,1,1.068155
Persona2,,OTHER,Debit_card,CC,2023-09-20 11:02:03,1,-40.57,,,EUR,-40.57,Payment,CHF_EUR,1,1.06967
Persona2,,OTHER,Debit_card,CC,2023-09-20 11:01:58,1,-149.36,,,EUR,-149.36,Payment,CHF_EUR,1,1.069685
Persona2,,OTHER,Debit_card,CC,2023-10-04 05:42:16,1,-22.35,,,EUR,-22.35,Payment,CHF_EUR,1,1.046055
Persona2,,OTHER,Debit_card,CC,2023-10-04 11:22:52,1,-6.6,,,EUR,-6.6,Payment,CHF_EUR,1,1.04925
Persona2,,OTHER,Debit_card,CC,2023-10-04 11:22:23,1,-13.8,,,EUR,-13.8,Payment,CHF_EUR,1,1.04915
Persona2,,OTHER,Debit_card,CC,2023-10-04 11:22:17,1,-25,,,EUR,-25,Payment,CHF_EUR,1,1.049185
Persona2,,OTHER,Debit_card,CC,2023-10-17 17:09:19,1,-96.45,,,EUR,-96.45,Payment,CHF_EUR,1,1.057865
Persona2,,OTHER,Debit_card,CC,2023-10-18 05:34:09,1,-72,,,EUR,-72,Payment,CHF_EUR,1,1.05745
Persona2,,OTHER,Credit_forex,F,2023-10-17 18:32:28,1,194.05,,,EUR,194.05,Forex,CHF_EUR,1,1.05903
Persona2,,OTHER,Debit_card,CC,2023-07-23 11:09:33,1,-5.98,,,EUR,-5.98,Payment,CHF_EUR,1,1.11253
Persona2,,OTHER,Debit_card,CC,2023-09-04 11:15:34,1,-1000,,,EUR,-1000,Payment,CHF_EUR,1,1.079465
Persona2,,OTHER,Debit_card,CC,2023-09-04 11:18:32,1,-28.59,,,EUR,-28.59,Payment,CHF_EUR,1,1.07954
Persona2,,OTHER,Debit_card,CC,2023-09-04 11:18:38,1,-70.98,,,EUR,-70.98,Payment,CHF_EUR,1,1.07955
Persona2,,OTHER,Debit_card,CC,2023-09-04 05:26:31,1,-50.75,,,EUR,-50.75,Payment,CHF_EUR,1,1.07867
Persona2,,OTHER,Debit_card,CC,2023-09-03 11:25:19,1,-221,,,EUR,-221,Payment,CHF_EUR,1,1.077565
Persona2,,OTHER,Debit_card,CC,2023-09-19 05:32:30,1,-44.29,,,EUR,-44.29,Payment,CHF_EUR,1,1.068505
Persona2,,OTHER,Debit_card,CC,2023-09-19 10:48:51,1,-65.94,,,EUR,-65.94,Payment,CHF_EUR,1,1.06885
Persona2,,OTHER,Debit_card,CC,2023-09-19 10:49:09,1,-200,,,EUR,-200,Payment,CHF_EUR,1,1.06886
Persona2,,OTHER,Debit_card,CC,2023-09-19 10:50:58,1,-90.73,,,EUR,-90.73,Payment,CHF_EUR,1,1.06881
Persona2,,OTHER,Credit_forex,H,2023-09-19 16:37:55,1,333.6,,,EUR,333.6,Forex,CHF_EUR,1,1.068935
Persona2,,OTHER,Debit_forex,L,2023-10-03 09:31:03,1,523.71,,,EUR,523.71,Forex,CHF_EUR,1,1.04716
Persona2,,OTHER,Cash_in,G,2023-10-03 09:05:47,1,3500,,,EUR,3500,Income,CHF_EUR,1,1.047205
Persona2,,OTHER,Debit_forex,L,2023-10-03 09:32:03,1,523.72,,,EUR,523.72,Forex,CHF_EUR,1,1.047105
Persona2,,OTHER,Debit_card,CC,2023-10-04 11:21:42,1,-58.3,,,EUR,-58.3,Payment,CHF_EUR,1,1.049245
Persona2,,OTHER,Debit_card,CC,2023-10-17 11:51:09,1,-300,,,EUR,-300,Payment,CHF_EUR,1,1.055295
Persona2,,OTHER,Debit_card,CC,2023-10-17 11:58:46,1,-33.1,,,EUR,-33.1,Payment,CHF_EUR,1,1.05535
Persona2,,OTHER,Debit_card,CC,2023-10-17 17:09:35,1,-155.05,,,EUR,-155.05,Payment,CHF_EUR,1,1.057865
Persona2,,OTHER,Debit_card,CC,2023-10-17 17:09:49,1,-78.97,,,EUR,-78.97,Payment,CHF_EUR,1,1.057795
Persona2,,OTHER,Credit_forex,F,2023-10-18 07:41:28,1,193.91,,,EUR,193.91,Forex,CHF_EUR,1,1.05789
Persona2,,OTHER,Cash_in,G,2023-10-30 11:30:42,1,5000,,,EUR,5000,Income,CHF_EUR,1,1.05795
Persona2,,OTHER,Debit_forex,L,2023-10-30 15:10:28,1,1648.73,,,EUR,1648.73,Forex,CHF_EUR,1,1.060845
Persona2,,OTHER,Debit_card,CC,2023-08-18 05:05:03,1,-2266.95,,,EUR,-2266.95,Payment,CHF_EUR,1,1.088615
Persona2,,OTHER,Credit_forex,F,2023-08-18 07:34:22,1,1779.16,,,EUR,1779.16,Forex,CHF_EUR,1,1.08775
Persona2,,OTHER,Debit_card,CC,2023-09-02 11:23:00,1,-21.75,,,EUR,-21.75,Payment,CHF_EUR,1,1.077565
Persona2,,OTHER,Debit_card,CC,2023-09-04 11:18:37,1,-17.16,,,EUR,-17.16,Payment,CHF_EUR,1,1.07955
Persona2,,OTHER,Debit_card,CC,2023-09-04 11:18:27,1,-2.3,,,EUR,-2.3,Payment,CHF_EUR,1,1.07958
Persona2,,OTHER,Debit_card,CC,2023-09-03 11:24:41,1,-36.6,,,EUR,-36.6,Payment,CHF_EUR,1,1.077565
Persona2,,OTHER,Debit_card,CC,2023-09-19 05:29:28,1,-13.99,,,EUR,-13.99,Payment,CHF_EUR,1,1.068455
Persona2,,OTHER,Debit_card,CC,2023-09-19 05:29:27,1,-92.25,,,EUR,-92.25,Payment,CHF_EUR,1,1.068455
Persona2,,OTHER,Credit_forex,H,2023-10-16 11:49:02,1,983.17,,,EUR,983.17,Forex,CHF_EUR,1,1.05362
Persona2,,OTHER,Credit_forex,H,2023-10-16 11:49:13,1,678.54,,,EUR,678.54,Forex,CHF_EUR,1,1.05361
Persona2,,OTHER,Cash_out,O,2023-10-16 11:50:01,1,1500,,,EUR,1500,Payment,CHF_EUR,1,1.05358
Persona2,,OTHER,Debit_card,CC,2023-10-18 05:19:23,1,-121.91,,,EUR,-121.91,Payment,CHF_EUR,1,1.057285
Persona2,,OTHER,Debit_forex,L,2023-10-30 04:05:28,1,73.41,,,EUR,73.41,Forex,CHF_EUR,1,1.05631
Persona2,,OTHER,Debit_card,CC,2023-10-28 10:53:15,1,-45.2,,,EUR,-45.2,Payment,CHF_EUR,1,1.05646
Persona2,,OTHER,Debit_card,CC,2023-10-28 10:56:27,1,-45,,,EUR,-45,Payment,CHF_EUR,1,1.05646
Persona2,,OTHER,Debit_forex,L,2023-10-30 04:03:28,1,1106.73,,,EUR,1106.73,Forex,CHF_EUR,1,1.056295
Persona2,,OTHER,Debit_forex,L,2023-10-30 04:04:28,1,24.08,,,EUR,24.08,Forex,CHF_EUR,1,1.056265
Persona2,,OTHER,Debit_forex,L,2023-10-30 05:44:28,1,1130.1,,,EUR,1130.1,Forex,CHF_EUR,1,1.05615
Persona2,,OTHER,Debit_card,CC,2023-07-06 11:13:26,1,-15.7,,,EUR,-15.7,Payment,CHF_EUR,1,1.086645
Persona2,,OTHER,Debit_card,CC,2023-07-20 13:59:34,1,-150.68,,,EUR,-150.68,Payment,CHF_EUR,1,1.12069
Persona2,,OTHER,Debit_forex,L,2023-08-03 07:46:54,1,109.95,,,EUR,109.95,Forex,CHF_EUR,1,1.09274
Persona2,,OTHER,Debit_card,CC,2023-08-03 05:30:17,1,-100,,,EUR,-100,Payment,CHF_EUR,1,1.09322
Persona2,,OTHER,Debit_card,CC,2023-08-03 05:33:03,1,-205.99,,,EUR,-205.99,Payment,CHF_EUR,1,1.0932
Persona2,,OTHER,Credit_forex,H,2023-09-01 15:45:18,1,2938.87,,,EUR,2938.87,Forex,CHF_EUR,1,1.0859
Persona2,,OTHER,Debit_card,CC,2023-09-03 05:09:09,1,-44,,,EUR,-44,Payment,CHF_EUR,1,1.077565
Persona2,,OTHER,Debit_card,CC,2023-09-03 05:07:50,1,-289,,,EUR,-289,Payment,CHF_EUR,1,1.077565
Persona2,,OTHER,Debit_forex,L,2023-10-02 12:37:03,1,409.96,,,EUR,409.96,Forex,CHF_EUR,1,1.053985
Persona2,,OTHER,Credit_forex,F,2023-10-16 12:58:27,1,1541.47,,,EUR,1541.47,Forex,CHF_EUR,1,1.053215
Persona2,,OTHER,Debit_card,CC,2023-10-17 06:48:22,1,-2.99,,,EUR,-2.99,Payment,CHF_EUR,1,1.05489
Persona2,,OTHER,Debit_card,CC,2023-10-17 06:48:20,1,-107.88,,,EUR,-107.88,Payment,CHF_EUR,1,1.054885
Persona2,,OTHER,Debit_forex,L,2023-10-16 16:46:27,1,707.32,,,EUR,707.32,Forex,CHF_EUR,1,1.05476
Persona2,,OTHER,Debit_card,CC,2023-10-17 06:48:21,1,-2.99,,,EUR,-2.99,Payment,CHF_EUR,1,1.05489
Persona2,,OTHER,Debit_card,CC,2023-10-17 06:48:22,1,-60.95,,,EUR,-60.95,Payment,CHF_EUR,1,1.05489
Persona2,,OTHER,Credit_forex,F,2023-10-16 12:59:27,1,2811.31,,,EUR,2811.31,Forex,CHF_EUR,1,1.053235
Persona2,,OTHER,Debit_card,CC,2023-10-16 11:34:00,1,-7.57,,,EUR,-7.57,Payment,CHF_EUR,1,1.053815
Persona2,,OTHER,Debit_card,CC,2023-10-17 06:48:19,1,-131.5,,,EUR,-131.5,Payment,CHF_EUR,1,1.054885
Persona2,,OTHER,Debit_card,CC,2023-10-17 06:45:38,1,-23.3,,,EUR,-23.3,Payment,CHF_EUR,1,1.054765
Persona2,,OTHER,Debit_card,CC,2023-10-17 06:43:59,1,-27.52,,,EUR,-27.52,Payment,CHF_EUR,1,1.05471
Persona2,,OTHER,Debit_card,CC,2023-10-28 05:38:36,1,-55.52,,,EUR,-55.52,Payment,CHF_EUR,1,1.05646
Persona2,,OTHER,Credit_forex,H,2023-10-27 20:39:26,1,688.64,,,EUR,688.64,Forex,CHF_EUR,1,1.056605
Persona2,,OTHER,Debit_card,CC,2023-10-28 10:56:02,1,-37.2,,,EUR,-37.2,Payment,CHF_EUR,1,1.05646
Persona2,,OTHER,Debit_card,CC,2023-07-06 05:25:59,1,-7.9,,,EUR,-7.9,Payment,CHF_EUR,1,1.0844
Persona2,,OTHER,Debit_card,CC,2023-07-20 05:28:31,1,-10.77,,,EUR,-10.77,Payment,CHF_EUR,1,1.122555
Persona2,,OTHER,Credit_forex,F,2023-07-20 07:15:01,1,10.77,,,EUR,10.77,Forex,CHF_EUR,1,1.122045
Persona2,,OTHER,Credit_forex,F,2023-07-20 15:21:02,1,433.9,,,EUR,433.9,Forex,CHF_EUR,1,1.11823
Persona2,,OTHER,Debit_card,CC,2023-07-20 13:56:48,1,-283.22,,,EUR,-283.22,Payment,CHF_EUR,1,1.12112
Persona2,,OTHER,Debit_card,CC,2023-08-02 11:13:41,1,-69,,,EUR,-69,Payment,CHF_EUR,1,1.09821
Persona2,,OTHER,Debit_card,CC,2023-08-02 11:12:00,1,-11.37,,,EUR,-11.37,Payment,CHF_EUR,1,1.09815
Persona2,,OTHER,Debit_card,CC,2023-08-16 05:28:50,1,-17.1,,,EUR,-17.1,Payment,CHF_EUR,1,1.090815
Persona2,,OTHER,Debit_card,CC,2023-09-01 11:07:45,1,-36.71,,,EUR,-36.71,Payment,CHF_EUR,1,1.08505
Persona2,,OTHER,Debit_card,CC,2023-09-18 05:19:51,1,-7.78,,,EUR,-7.78,Payment,CHF_EUR,1,1.066775
Persona2,,OTHER,Debit_card,CC,2023-09-16 11:02:15,1,-139.36,,,EUR,-139.36,Payment,CHF_EUR,1,1.066065
Persona2,,OTHER,Debit_card,CC,2023-09-17 05:09:03,1,-21,,,EUR,-21,Payment,CHF_EUR,1,1.066065
Persona2,,OTHER,Debit_card,CC,2023-10-02 11:30:06,1,-16.05,,,EUR,-16.05,Payment,CHF_EUR,1,1.05476
Persona2,,OTHER,Credit_forex,F,2023-10-16 07:35:28,1,165.8,,,EUR,165.8,Forex,CHF_EUR,1,1.052795
Persona2,,OTHER,Debit_card,CC,2023-10-14 11:12:14,1,-119.56,,,EUR,-119.56,Payment,CHF_EUR,1,1.050775
Persona2,,OTHER,Debit_card,CC,2023-10-15 11:24:05,1,-1.4,,,EUR,-1.4,Payment,CHF_EUR,1,1.050775
Persona2,,OTHER,Debit_card,CC,2023-10-15 11:24:33,1,-36,,,EUR,-36,Payment,CHF_EUR,1,1.050775
Persona2,,OTHER,Credit_forex,F,2023-10-16 13:02:27,1,2142.27,,,EUR,2142.27,Forex,CHF_EUR,1,1.053115
Persona2,,OTHER,Debit_forex,L,2023-10-27 08:13:28,1,15.05,,,EUR,15.05,Forex,CHF_EUR,1,1.056075
Persona2,,OTHER,Debit_card,CC,2023-10-27 11:13:26,1,-300,,,EUR,-300,Payment,CHF_EUR,1,1.05631
Persona2,,OTHER,Debit_forex,L,2023-08-01 07:18:54,1,316.5,,,EUR,316.5,Forex,CHF_EUR,1,1.098765
Persona2,,OTHER,Debit_forex,L,2023-08-02 06:54:54,1,16.69,,,EUR,16.69,Forex,CHF_EUR,1,1.09838
Persona2,,OTHER,Debit_forex,N,2023-08-15 20:56:17,1,600,,,EUR,600,Forex,CHF_EUR,1,1.090585
Persona2,,OTHER,Debit_card,CC,2023-08-16 05:31:17,1,-100,,,EUR,-100,Payment,CHF_EUR,1,1.090745
Persona2,,OTHER,Debit_card,CC,2023-08-16 05:28:49,1,-35.3,,,EUR,-35.3,Payment,CHF_EUR,1,1.090815
Persona2,,OTHER,Cash_out,O,2023-08-31 07:06:59,1,500,,,EUR,500,Payment,CHF_EUR,1,1.091795
Persona2,,OTHER,Debit_card,CC,2023-08-31 11:24:14,1,-1.1,,,EUR,-1.1,Payment,CHF_EUR,1,1.087265
Persona2,,OTHER,Debit_card,CC,2023-09-15 11:12:12,1,-200,,,EUR,-200,Payment,CHF_EUR,1,1.06634
Persona2,,OTHER,Debit_card,CC,2023-09-18 11:23:42,1,-7.38,,,EUR,-7.38,Payment,CHF_EUR,1,1.06673
Persona2,,OTHER,Debit_card,CC,2023-09-18 11:23:36,1,-31.6,,,EUR,-31.6,Payment,CHF_EUR,1,1.066715
Persona2,,OTHER,Debit_card,CC,2023-09-18 11:23:57,1,-5.19,,,EUR,-5.19,Payment,CHF_EUR,1,1.0667
Persona2,,OTHER,Debit_card,CC,2023-10-01 05:15:54,1,-359.8,,,EUR,-359.8,Payment,CHF_EUR,1,1.057365
Persona2,,OTHER,Debit_card,CC,2023-10-01 05:16:08,1,-39.99,,,EUR,-39.99,Payment,CHF_EUR,1,1.057365
Persona2,,OTHER,Debit_card,CC,2023-10-02 11:29:48,1,-226.28,,,EUR,-226.28,Payment,CHF_EUR,1,1.054885
